%YAML 1.1
%TAG !u! tag:unity3d.com,2011:
--- !u!1 &3778748074471189004
GameObject:
  m_ObjectHideFlags: 0
  m_CorrespondingSourceObject: {fileID: 0}
  m_PrefabInstance: {fileID: 0}
  m_PrefabAsset: {fileID: 0}
  serializedVersion: 6
  m_Component:
  - component: {fileID: 3778748074471189000}
  - component: {fileID: 3778748074471189007}
  - component: {fileID: 8629399280050228662}
  - component: {fileID: 2116460629202926530}
  m_Layer: 0
  m_Name: Mirror
  m_TagString: Mirror
  m_Icon: {fileID: 0}
  m_NavMeshLayer: 0
  m_StaticEditorFlags: 0
  m_IsActive: 1
--- !u!4 &3778748074471189000
Transform:
  m_ObjectHideFlags: 0
  m_CorrespondingSourceObject: {fileID: 0}
  m_PrefabInstance: {fileID: 0}
  m_PrefabAsset: {fileID: 0}
  m_GameObject: {fileID: 3778748074471189004}
  m_LocalRotation: {x: 0, y: 0, z: 0, w: 1}
  m_LocalPosition: {x: 1.581, y: 0, z: 4.103}
  m_LocalScale: {x: 1, y: 1, z: 1}
  m_Children:
  - {fileID: 7926865937588021257}
  - {fileID: 4707922769043148722}
  m_Father: {fileID: 0}
  m_RootOrder: 0
  m_LocalEulerAnglesHint: {x: 0, y: 0, z: 0}
--- !u!65 &3778748074471189007
BoxCollider:
  m_ObjectHideFlags: 0
  m_CorrespondingSourceObject: {fileID: 0}
  m_PrefabInstance: {fileID: 0}
  m_PrefabAsset: {fileID: 0}
  m_GameObject: {fileID: 3778748074471189004}
  m_Material: {fileID: 0}
  m_IsTrigger: 1
  m_Enabled: 1
  serializedVersion: 2
  m_Size: {x: 2, y: 1.5, z: 1.4}
  m_Center: {x: 0, y: 1, z: -0.8}
--- !u!82 &8629399280050228662
AudioSource:
  m_ObjectHideFlags: 0
  m_CorrespondingSourceObject: {fileID: 0}
  m_PrefabInstance: {fileID: 0}
  m_PrefabAsset: {fileID: 0}
  m_GameObject: {fileID: 3778748074471189004}
  m_Enabled: 1
  serializedVersion: 4
  OutputAudioMixerGroup: {fileID: 24300002, guid: bdb6bdd32c8dc0e4081fd23354847b5b,
    type: 2}
  m_audioClip: {fileID: 8300000, guid: b2e9a77fbb4d0a74fb7951f00d1241e2, type: 3}
  m_PlayOnAwake: 0
  m_Volume: 0.8
  m_Pitch: 1
  Loop: 0
  Mute: 0
  Spatialize: 0
  SpatializePostEffects: 0
  Priority: 128
  DopplerLevel: 1
  MinDistance: 1
  MaxDistance: 500
  Pan2D: 0
  rolloffMode: 0
  BypassEffects: 0
  BypassListenerEffects: 0
  BypassReverbZones: 0
  rolloffCustomCurve:
    serializedVersion: 2
    m_Curve:
    - serializedVersion: 3
      time: 0
      value: 1
      inSlope: 0
      outSlope: 0
      tangentMode: 0
      weightedMode: 0
      inWeight: 0.33333334
      outWeight: 0.33333334
    - serializedVersion: 3
      time: 1
      value: 0
      inSlope: 0
      outSlope: 0
      tangentMode: 0
      weightedMode: 0
      inWeight: 0.33333334
      outWeight: 0.33333334
    m_PreInfinity: 2
    m_PostInfinity: 2
    m_RotationOrder: 4
  panLevelCustomCurve:
    serializedVersion: 2
    m_Curve:
    - serializedVersion: 3
      time: 0
      value: 0
      inSlope: 0
      outSlope: 0
      tangentMode: 0
      weightedMode: 0
      inWeight: 0.33333334
      outWeight: 0.33333334
    m_PreInfinity: 2
    m_PostInfinity: 2
    m_RotationOrder: 4
  spreadCustomCurve:
    serializedVersion: 2
    m_Curve:
    - serializedVersion: 3
      time: 0
      value: 0
      inSlope: 0
      outSlope: 0
      tangentMode: 0
      weightedMode: 0
      inWeight: 0.33333334
      outWeight: 0.33333334
    m_PreInfinity: 2
    m_PostInfinity: 2
    m_RotationOrder: 4
  reverbZoneMixCustomCurve:
    serializedVersion: 2
    m_Curve:
    - serializedVersion: 3
      time: 0
      value: 1
      inSlope: 0
      outSlope: 0
      tangentMode: 0
      weightedMode: 0
      inWeight: 0.33333334
      outWeight: 0.33333334
    m_PreInfinity: 2
    m_PostInfinity: 2
    m_RotationOrder: 4
--- !u!114 &2116460629202926530
MonoBehaviour:
  m_ObjectHideFlags: 0
  m_CorrespondingSourceObject: {fileID: 0}
  m_PrefabInstance: {fileID: 0}
  m_PrefabAsset: {fileID: 0}
  m_GameObject: {fileID: 3778748074471189004}
  m_Enabled: 1
  m_EditorHideFlags: 0
  m_Script: {fileID: 11500000, guid: 18666ab01b9226c4fb0d0bab6a410263, type: 3}
  m_Name: 
  m_EditorClassIdentifier: 
--- !u!1 &6475717467366039463
GameObject:
  m_ObjectHideFlags: 0
  m_CorrespondingSourceObject: {fileID: 0}
  m_PrefabInstance: {fileID: 0}
  m_PrefabAsset: {fileID: 0}
  serializedVersion: 6
  m_Component:
  - component: {fileID: 7926865937588021257}
  - component: {fileID: 1460994105838130281}
  m_Layer: 9
  m_Name: Screen
  m_TagString: Untagged
  m_Icon: {fileID: 0}
  m_NavMeshLayer: 0
  m_StaticEditorFlags: 0
  m_IsActive: 1
--- !u!4 &7926865937588021257
Transform:
  m_ObjectHideFlags: 0
  m_CorrespondingSourceObject: {fileID: 0}
  m_PrefabInstance: {fileID: 0}
  m_PrefabAsset: {fileID: 0}
  m_GameObject: {fileID: 6475717467366039463}
  m_LocalRotation: {x: 0, y: 0, z: 0, w: 1}
  m_LocalPosition: {x: 0, y: 0.75, z: -0.36}
  m_LocalScale: {x: 1.4, y: 1.4, z: 1.4}
  m_Children: []
  m_Father: {fileID: 3778748074471189000}
  m_RootOrder: 0
  m_LocalEulerAnglesHint: {x: 0, y: 0, z: 0}
--- !u!65 &1460994105838130281
BoxCollider:
  m_ObjectHideFlags: 0
  m_CorrespondingSourceObject: {fileID: 0}
  m_PrefabInstance: {fileID: 0}
  m_PrefabAsset: {fileID: 0}
  m_GameObject: {fileID: 6475717467366039463}
  m_Material: {fileID: 0}
  m_IsTrigger: 1
  m_Enabled: 1
  serializedVersion: 2
  m_Size: {x: 0.8, y: 1, z: 0.1}
  m_Center: {x: 0, y: 0.1, z: 0.23}
--- !u!136 &8494817327749073607
CapsuleCollider:
  m_ObjectHideFlags: 0
  m_CorrespondingSourceObject: {fileID: 0}
  m_PrefabInstance: {fileID: 0}
  m_PrefabAsset: {fileID: 0}
  m_GameObject: {fileID: 8579004383304138145}
  m_Material: {fileID: 0}
  m_IsTrigger: 0
  m_Enabled: 1
  m_Radius: 0.5386574
  m_Height: 1.7743378
  m_Direction: 1
  m_Center: {x: -0.0000000013575094, y: 0.38716888, z: -0.038657427}
--- !u!1001 &301549989250983080
PrefabInstance:
  m_ObjectHideFlags: 0
  serializedVersion: 2
  m_Modification:
    m_TransformParent: {fileID: 3778748074471189000}
    m_Modifications:
    - target: {fileID: -4216859302048453862, guid: b5cc420e3b522b64dbe78597e99f1ae2,
        type: 3}
      propertyPath: m_LocalPosition.x
      value: 0
      objectReference: {fileID: 0}
    - target: {fileID: -4216859302048453862, guid: b5cc420e3b522b64dbe78597e99f1ae2,
        type: 3}
      propertyPath: m_LocalPosition.y
      value: 0
      objectReference: {fileID: 0}
    - target: {fileID: -4216859302048453862, guid: b5cc420e3b522b64dbe78597e99f1ae2,
        type: 3}
      propertyPath: m_LocalPosition.z
      value: -0.402
      objectReference: {fileID: 0}
    - target: {fileID: -4216859302048453862, guid: b5cc420e3b522b64dbe78597e99f1ae2,
        type: 3}
      propertyPath: m_LocalRotation.x
      value: 0
      objectReference: {fileID: 0}
    - target: {fileID: -4216859302048453862, guid: b5cc420e3b522b64dbe78597e99f1ae2,
        type: 3}
      propertyPath: m_LocalRotation.y
      value: -0
      objectReference: {fileID: 0}
    - target: {fileID: -4216859302048453862, guid: b5cc420e3b522b64dbe78597e99f1ae2,
        type: 3}
      propertyPath: m_LocalRotation.z
      value: -0
      objectReference: {fileID: 0}
    - target: {fileID: -4216859302048453862, guid: b5cc420e3b522b64dbe78597e99f1ae2,
        type: 3}
      propertyPath: m_LocalRotation.w
      value: 1
      objectReference: {fileID: 0}
    - target: {fileID: -4216859302048453862, guid: b5cc420e3b522b64dbe78597e99f1ae2,
        type: 3}
      propertyPath: m_RootOrder
      value: 1
      objectReference: {fileID: 0}
    - target: {fileID: -4216859302048453862, guid: b5cc420e3b522b64dbe78597e99f1ae2,
        type: 3}
      propertyPath: m_LocalEulerAnglesHint.x
      value: 0
      objectReference: {fileID: 0}
    - target: {fileID: -4216859302048453862, guid: b5cc420e3b522b64dbe78597e99f1ae2,
        type: 3}
      propertyPath: m_LocalEulerAnglesHint.y
      value: 0
      objectReference: {fileID: 0}
    - target: {fileID: -4216859302048453862, guid: b5cc420e3b522b64dbe78597e99f1ae2,
        type: 3}
      propertyPath: m_LocalEulerAnglesHint.z
      value: 0
      objectReference: {fileID: 0}
    - target: {fileID: -4216859302048453862, guid: b5cc420e3b522b64dbe78597e99f1ae2,
        type: 3}
      propertyPath: m_LocalScale.x
      value: 1.5
      objectReference: {fileID: 0}
    - target: {fileID: -4216859302048453862, guid: b5cc420e3b522b64dbe78597e99f1ae2,
        type: 3}
      propertyPath: m_LocalScale.y
      value: 1.5
      objectReference: {fileID: 0}
    - target: {fileID: -4216859302048453862, guid: b5cc420e3b522b64dbe78597e99f1ae2,
        type: 3}
      propertyPath: m_LocalScale.z
      value: 1.5
      objectReference: {fileID: 0}
    - target: {fileID: -1222293002006155490, guid: b5cc420e3b522b64dbe78597e99f1ae2,
        type: 3}
      propertyPath: m_Materials.Array.data[0]
      value: 
      objectReference: {fileID: 2100000, guid: c53f212baf77cbc4f8e123616a25a8c3, type: 2}
    - target: {fileID: -927199367670048503, guid: b5cc420e3b522b64dbe78597e99f1ae2,
        type: 3}
      propertyPath: m_Name
      value: mirror
      objectReference: {fileID: 0}
    - target: {fileID: -927199367670048503, guid: b5cc420e3b522b64dbe78597e99f1ae2,
        type: 3}
      propertyPath: m_Layer
      value: 2
      objectReference: {fileID: 0}
    - target: {fileID: 666336158826202547, guid: b5cc420e3b522b64dbe78597e99f1ae2,
        type: 3}
      propertyPath: m_Materials.Array.data[0]
      value: 
      objectReference: {fileID: 2100000, guid: e5fd6512b62659248af81aad02c9fceb, type: 2}
    - target: {fileID: 1611513446085619233, guid: b5cc420e3b522b64dbe78597e99f1ae2,
        type: 3}
      propertyPath: m_Materials.Array.data[0]
      value: 
      objectReference: {fileID: 2100000, guid: d077433d6bcc8aa49b697ace049f3dd5, type: 2}
    - target: {fileID: 3013436170679483682, guid: b5cc420e3b522b64dbe78597e99f1ae2,
        type: 3}
      propertyPath: m_Materials.Array.data[0]
      value: 
      objectReference: {fileID: 2100000, guid: c53f212baf77cbc4f8e123616a25a8c3, type: 2}
    m_RemovedComponents: []
  m_SourcePrefab: {fileID: 100100000, guid: b5cc420e3b522b64dbe78597e99f1ae2, type: 3}
--- !u!1 &8579004383304138145 stripped
GameObject:
  m_CorrespondingSourceObject: {fileID: -927199367670048503, guid: b5cc420e3b522b64dbe78597e99f1ae2,
    type: 3}
  m_PrefabInstance: {fileID: 301549989250983080}
  m_PrefabAsset: {fileID: 0}
--- !u!4 &4707922769043148722 stripped
Transform:
  m_CorrespondingSourceObject: {fileID: -4216859302048453862, guid: b5cc420e3b522b64dbe78597e99f1ae2,
    type: 3}
  m_PrefabInstance: {fileID: 301549989250983080}
  m_PrefabAsset: {fileID: 0}
