%YAML 1.1
%TAG !u! tag:unity3d.com,2011:
--- !u!1 &1259069974912714651
GameObject:
  m_ObjectHideFlags: 0
  m_CorrespondingSourceObject: {fileID: 0}
  m_PrefabInstance: {fileID: 0}
  m_PrefabAsset: {fileID: 0}
  serializedVersion: 6
  m_Component:
  - component: {fileID: 1259069974912714652}
  - component: {fileID: 1259069974912714654}
  - component: {fileID: 1259069974912714653}
  m_Layer: 0
  m_Name: Rail
  m_TagString: Untagged
  m_Icon: {fileID: 0}
  m_NavMeshLayer: 0
  m_StaticEditorFlags: 0
  m_IsActive: 1
--- !u!4 &1259069974912714652
Transform:
  m_ObjectHideFlags: 0
  m_CorrespondingSourceObject: {fileID: 0}
  m_PrefabInstance: {fileID: 0}
  m_PrefabAsset: {fileID: 0}
  m_GameObject: {fileID: 1259069974912714651}
  m_LocalRotation: {x: -0, y: -0, z: -0, w: 1}
  m_LocalPosition: {x: -1.56, y: 0, z: -2.92}
  m_LocalScale: {x: 1, y: 1, z: 1}
  m_Children:
  - {fileID: 6053868923743161875}
  - {fileID: 6053868923577173420}
  - {fileID: 6053868924101713609}
  m_Father: {fileID: 0}
  m_RootOrder: 0
  m_LocalEulerAnglesHint: {x: 0, y: 0, z: 0}
--- !u!33 &1259069974912714654
MeshFilter:
  m_ObjectHideFlags: 0
  m_CorrespondingSourceObject: {fileID: 0}
  m_PrefabInstance: {fileID: 0}
  m_PrefabAsset: {fileID: 0}
  m_GameObject: {fileID: 1259069974912714651}
  m_Mesh: {fileID: 10202, guid: 0000000000000000e000000000000000, type: 0}
--- !u!23 &1259069974912714653
MeshRenderer:
  m_ObjectHideFlags: 0
  m_CorrespondingSourceObject: {fileID: 0}
  m_PrefabInstance: {fileID: 0}
  m_PrefabAsset: {fileID: 0}
  m_GameObject: {fileID: 1259069974912714651}
  m_Enabled: 0
  m_CastShadows: 1
  m_ReceiveShadows: 1
  m_DynamicOccludee: 1
  m_MotionVectors: 1
  m_LightProbeUsage: 1
  m_ReflectionProbeUsage: 1
  m_RenderingLayerMask: 1
  m_RendererPriority: 0
  m_Materials:
  - {fileID: 2100000, guid: 31321ba15b8f8eb4c954353edc038b1d, type: 2}
  m_StaticBatchInfo:
    firstSubMesh: 0
    subMeshCount: 0
  m_StaticBatchRoot: {fileID: 0}
  m_ProbeAnchor: {fileID: 0}
  m_LightProbeVolumeOverride: {fileID: 0}
  m_ScaleInLightmap: 1
  m_ReceiveGI: 1
  m_PreserveUVs: 0
  m_IgnoreNormalsForChartDetection: 0
  m_ImportantGI: 0
  m_StitchLightmapSeams: 1
  m_SelectedEditorRenderState: 3
  m_MinimumChartSize: 4
  m_AutoUVMaxDistance: 0.5
  m_AutoUVMaxAngle: 89
  m_LightmapParameters: {fileID: 0}
  m_SortingLayerID: 0
  m_SortingLayer: 0
  m_SortingOrder: 0
--- !u!1001 &1259069974526406326
PrefabInstance:
  m_ObjectHideFlags: 0
  serializedVersion: 2
  m_Modification:
    m_TransformParent: {fileID: 1259069974912714652}
    m_Modifications:
    - target: {fileID: -4216859302048453862, guid: 56c8959fd36cb004ab60a9ceb8d2e392,
        type: 3}
      propertyPath: m_LocalPosition.x
      value: -5
      objectReference: {fileID: 0}
    - target: {fileID: -4216859302048453862, guid: 56c8959fd36cb004ab60a9ceb8d2e392,
        type: 3}
      propertyPath: m_LocalPosition.y
      value: 0.066
      objectReference: {fileID: 0}
    - target: {fileID: -4216859302048453862, guid: 56c8959fd36cb004ab60a9ceb8d2e392,
        type: 3}
      propertyPath: m_LocalPosition.z
      value: 0
      objectReference: {fileID: 0}
    - target: {fileID: -4216859302048453862, guid: 56c8959fd36cb004ab60a9ceb8d2e392,
        type: 3}
      propertyPath: m_LocalRotation.x
      value: 0
      objectReference: {fileID: 0}
    - target: {fileID: -4216859302048453862, guid: 56c8959fd36cb004ab60a9ceb8d2e392,
        type: 3}
      propertyPath: m_LocalRotation.y
      value: -0
      objectReference: {fileID: 0}
    - target: {fileID: -4216859302048453862, guid: 56c8959fd36cb004ab60a9ceb8d2e392,
        type: 3}
      propertyPath: m_LocalRotation.z
      value: -0
      objectReference: {fileID: 0}
    - target: {fileID: -4216859302048453862, guid: 56c8959fd36cb004ab60a9ceb8d2e392,
        type: 3}
      propertyPath: m_LocalRotation.w
      value: 1
      objectReference: {fileID: 0}
    - target: {fileID: -4216859302048453862, guid: 56c8959fd36cb004ab60a9ceb8d2e392,
        type: 3}
      propertyPath: m_RootOrder
      value: 1
      objectReference: {fileID: 0}
    - target: {fileID: -4216859302048453862, guid: 56c8959fd36cb004ab60a9ceb8d2e392,
        type: 3}
      propertyPath: m_LocalEulerAnglesHint.x
      value: 0
      objectReference: {fileID: 0}
    - target: {fileID: -4216859302048453862, guid: 56c8959fd36cb004ab60a9ceb8d2e392,
        type: 3}
      propertyPath: m_LocalEulerAnglesHint.y
      value: 0
      objectReference: {fileID: 0}
    - target: {fileID: -4216859302048453862, guid: 56c8959fd36cb004ab60a9ceb8d2e392,
        type: 3}
      propertyPath: m_LocalEulerAnglesHint.z
      value: 0
      objectReference: {fileID: 0}
    - target: {fileID: -927199367670048503, guid: 56c8959fd36cb004ab60a9ceb8d2e392,
        type: 3}
      propertyPath: m_Name
      value: rail_bout
      objectReference: {fileID: 0}
    m_RemovedComponents: []
  m_SourcePrefab: {fileID: 100100000, guid: 56c8959fd36cb004ab60a9ceb8d2e392, type: 3}
--- !u!4 &6053868923577173420 stripped
Transform:
  m_CorrespondingSourceObject: {fileID: -4216859302048453862, guid: 56c8959fd36cb004ab60a9ceb8d2e392,
    type: 3}
  m_PrefabInstance: {fileID: 1259069974526406326}
  m_PrefabAsset: {fileID: 0}
--- !u!1001 &1259069974709101833
PrefabInstance:
  m_ObjectHideFlags: 0
  serializedVersion: 2
  m_Modification:
    m_TransformParent: {fileID: 1259069974912714652}
    m_Modifications:
    - target: {fileID: -4216859302048453862, guid: 0ab6e45a0681a2e43b20d055d952cf5c,
        type: 3}
      propertyPath: m_LocalPosition.x
      value: -5
      objectReference: {fileID: 0}
    - target: {fileID: -4216859302048453862, guid: 0ab6e45a0681a2e43b20d055d952cf5c,
        type: 3}
      propertyPath: m_LocalPosition.y
      value: 0.102
      objectReference: {fileID: 0}
    - target: {fileID: -4216859302048453862, guid: 0ab6e45a0681a2e43b20d055d952cf5c,
        type: 3}
      propertyPath: m_LocalPosition.z
      value: 0
      objectReference: {fileID: 0}
    - target: {fileID: -4216859302048453862, guid: 0ab6e45a0681a2e43b20d055d952cf5c,
        type: 3}
      propertyPath: m_LocalRotation.x
      value: 0
      objectReference: {fileID: 0}
    - target: {fileID: -4216859302048453862, guid: 0ab6e45a0681a2e43b20d055d952cf5c,
        type: 3}
      propertyPath: m_LocalRotation.y
      value: -0
      objectReference: {fileID: 0}
    - target: {fileID: -4216859302048453862, guid: 0ab6e45a0681a2e43b20d055d952cf5c,
        type: 3}
      propertyPath: m_LocalRotation.z
      value: -0
      objectReference: {fileID: 0}
    - target: {fileID: -4216859302048453862, guid: 0ab6e45a0681a2e43b20d055d952cf5c,
        type: 3}
      propertyPath: m_LocalRotation.w
      value: 1
      objectReference: {fileID: 0}
    - target: {fileID: -4216859302048453862, guid: 0ab6e45a0681a2e43b20d055d952cf5c,
        type: 3}
      propertyPath: m_RootOrder
      value: 0
      objectReference: {fileID: 0}
    - target: {fileID: -4216859302048453862, guid: 0ab6e45a0681a2e43b20d055d952cf5c,
        type: 3}
      propertyPath: m_LocalEulerAnglesHint.x
      value: 0
      objectReference: {fileID: 0}
    - target: {fileID: -4216859302048453862, guid: 0ab6e45a0681a2e43b20d055d952cf5c,
        type: 3}
      propertyPath: m_LocalEulerAnglesHint.y
      value: 0
      objectReference: {fileID: 0}
    - target: {fileID: -4216859302048453862, guid: 0ab6e45a0681a2e43b20d055d952cf5c,
        type: 3}
      propertyPath: m_LocalEulerAnglesHint.z
      value: 0
      objectReference: {fileID: 0}
    - target: {fileID: -4216859302048453862, guid: 0ab6e45a0681a2e43b20d055d952cf5c,
        type: 3}
      propertyPath: m_LocalScale.x
      value: 40
      objectReference: {fileID: 0}
    - target: {fileID: -927199367670048503, guid: 0ab6e45a0681a2e43b20d055d952cf5c,
        type: 3}
      propertyPath: m_Name
      value: rail_extend
      objectReference: {fileID: 0}
    m_RemovedComponents: []
  m_SourcePrefab: {fileID: 100100000, guid: 0ab6e45a0681a2e43b20d055d952cf5c, type: 3}
--- !u!4 &6053868923743161875 stripped
Transform:
  m_CorrespondingSourceObject: {fileID: -4216859302048453862, guid: 0ab6e45a0681a2e43b20d055d952cf5c,
    type: 3}
  m_PrefabInstance: {fileID: 1259069974709101833}
  m_PrefabAsset: {fileID: 0}
--- !u!1001 &1259069975017190867
PrefabInstance:
  m_ObjectHideFlags: 0
  serializedVersion: 2
  m_Modification:
    m_TransformParent: {fileID: 1259069974912714652}
    m_Modifications:
    - target: {fileID: -4216859302048453862, guid: 56c8959fd36cb004ab60a9ceb8d2e392,
        type: 3}
      propertyPath: m_LocalPosition.x
      value: 5.53
      objectReference: {fileID: 0}
    - target: {fileID: -4216859302048453862, guid: 56c8959fd36cb004ab60a9ceb8d2e392,
        type: 3}
      propertyPath: m_LocalPosition.y
      value: 0.066
      objectReference: {fileID: 0}
    - target: {fileID: -4216859302048453862, guid: 56c8959fd36cb004ab60a9ceb8d2e392,
        type: 3}
      propertyPath: m_LocalPosition.z
      value: 0
      objectReference: {fileID: 0}
    - target: {fileID: -4216859302048453862, guid: 56c8959fd36cb004ab60a9ceb8d2e392,
        type: 3}
      propertyPath: m_LocalRotation.x
      value: 0
      objectReference: {fileID: 0}
    - target: {fileID: -4216859302048453862, guid: 56c8959fd36cb004ab60a9ceb8d2e392,
        type: 3}
      propertyPath: m_LocalRotation.y
      value: 1
      objectReference: {fileID: 0}
    - target: {fileID: -4216859302048453862, guid: 56c8959fd36cb004ab60a9ceb8d2e392,
        type: 3}
      propertyPath: m_LocalRotation.z
      value: 0
      objectReference: {fileID: 0}
    - target: {fileID: -4216859302048453862, guid: 56c8959fd36cb004ab60a9ceb8d2e392,
        type: 3}
      propertyPath: m_LocalRotation.w
      value: 0
      objectReference: {fileID: 0}
    - target: {fileID: -4216859302048453862, guid: 56c8959fd36cb004ab60a9ceb8d2e392,
        type: 3}
      propertyPath: m_RootOrder
      value: 2
      objectReference: {fileID: 0}
    - target: {fileID: -4216859302048453862, guid: 56c8959fd36cb004ab60a9ceb8d2e392,
        type: 3}
      propertyPath: m_LocalEulerAnglesHint.x
      value: 0
      objectReference: {fileID: 0}
    - target: {fileID: -4216859302048453862, guid: 56c8959fd36cb004ab60a9ceb8d2e392,
        type: 3}
      propertyPath: m_LocalEulerAnglesHint.y
      value: 180
      objectReference: {fileID: 0}
    - target: {fileID: -4216859302048453862, guid: 56c8959fd36cb004ab60a9ceb8d2e392,
        type: 3}
      propertyPath: m_LocalEulerAnglesHint.z
      value: 0
      objectReference: {fileID: 0}
    - target: {fileID: -927199367670048503, guid: 56c8959fd36cb004ab60a9ceb8d2e392,
        type: 3}
      propertyPath: m_Name
      value: rail_bout (1)
      objectReference: {fileID: 0}
    m_RemovedComponents: []
  m_SourcePrefab: {fileID: 100100000, guid: 56c8959fd36cb004ab60a9ceb8d2e392, type: 3}
--- !u!4 &6053868924101713609 stripped
Transform:
  m_CorrespondingSourceObject: {fileID: -4216859302048453862, guid: 56c8959fd36cb004ab60a9ceb8d2e392,
    type: 3}
  m_PrefabInstance: {fileID: 1259069975017190867}
  m_PrefabAsset: {fileID: 0}
