%YAML 1.1
%TAG !u! tag:unity3d.com,2011:
--- !u!1 &210528001
GameObject:
  m_ObjectHideFlags: 0
  m_CorrespondingSourceObject: {fileID: 0}
  m_PrefabInstance: {fileID: 0}
  m_PrefabAsset: {fileID: 0}
  serializedVersion: 6
  m_Component:
  - component: {fileID: 210528002}
  - component: {fileID: 210528003}
  m_Layer: 10
  m_Name: RayReceiver
  m_TagString: RayReceiver_White
  m_Icon: {fileID: 0}
  m_NavMeshLayer: 0
  m_StaticEditorFlags: 0
  m_IsActive: 1
--- !u!4 &210528002
Transform:
  m_ObjectHideFlags: 0
  m_CorrespondingSourceObject: {fileID: 0}
  m_PrefabInstance: {fileID: 0}
  m_PrefabAsset: {fileID: 0}
  m_GameObject: {fileID: 210528001}
  m_LocalRotation: {x: 0.7071068, y: 0, z: 0, w: 0.7071068}
  m_LocalPosition: {x: -0.005, y: 0.32, z: 0.431}
  m_LocalScale: {x: 1, y: 1, z: 1}
  m_Children: []
  m_Father: {fileID: 4314769686283482344}
  m_RootOrder: 1
  m_LocalEulerAnglesHint: {x: 90, y: 0.0009918213, z: 0.0009918213}
--- !u!65 &210528003
BoxCollider:
  m_ObjectHideFlags: 0
  m_CorrespondingSourceObject: {fileID: 0}
  m_PrefabInstance: {fileID: 0}
  m_PrefabAsset: {fileID: 0}
  m_GameObject: {fileID: 210528001}
  m_Material: {fileID: 0}
  m_IsTrigger: 1
  m_Enabled: 1
  serializedVersion: 2
  m_Size: {x: 0.75, y: 0.8, z: 0.75}
  m_Center: {x: 0.1, y: -0.69, z: 0.1}
--- !u!1 &4314769686283482345
GameObject:
  m_ObjectHideFlags: 0
  m_CorrespondingSourceObject: {fileID: 0}
  m_PrefabInstance: {fileID: 0}
  m_PrefabAsset: {fileID: 0}
  serializedVersion: 6
  m_Component:
  - component: {fileID: 4314769686283482344}
  - component: {fileID: 2681303401715379749}
  m_Layer: 2
  m_Name: Receiver
  m_TagString: Untagged
  m_Icon: {fileID: 0}
  m_NavMeshLayer: 0
  m_StaticEditorFlags: 0
  m_IsActive: 1
--- !u!4 &4314769686283482344
Transform:
  m_ObjectHideFlags: 0
  m_CorrespondingSourceObject: {fileID: 0}
  m_PrefabInstance: {fileID: 0}
  m_PrefabAsset: {fileID: 0}
  m_GameObject: {fileID: 4314769686283482345}
  m_LocalRotation: {x: 0, y: 1, z: 0, w: 0}
  m_LocalPosition: {x: 4, y: 0, z: 20}
  m_LocalScale: {x: 1, y: 1, z: 1}
  m_Children:
  - {fileID: 6429037090905240742}
  - {fileID: 210528002}
  m_Father: {fileID: 0}
  m_RootOrder: 0
  m_LocalEulerAnglesHint: {x: 0, y: 180, z: 0}
--- !u!65 &2681303401715379749
BoxCollider:
  m_ObjectHideFlags: 0
  m_CorrespondingSourceObject: {fileID: 0}
  m_PrefabInstance: {fileID: 0}
  m_PrefabAsset: {fileID: 0}
  m_GameObject: {fileID: 4314769686283482345}
  m_Material: {fileID: 0}
  m_IsTrigger: 0
  m_Enabled: 1
  serializedVersion: 2
  m_Size: {x: 1.5, y: 1.2, z: 0.8}
  m_Center: {x: 0, y: 0, z: 0.2}
--- !u!1001 &2036247042089426876
PrefabInstance:
  m_ObjectHideFlags: 0
  serializedVersion: 2
  m_Modification:
    m_TransformParent: {fileID: 4314769686283482344}
    m_Modifications:
    - target: {fileID: -4216859302048453862, guid: 680b94228c977a749a051c05b7efc875,
        type: 3}
      propertyPath: m_LocalPosition.x
      value: 0
      objectReference: {fileID: 0}
    - target: {fileID: -4216859302048453862, guid: 680b94228c977a749a051c05b7efc875,
        type: 3}
      propertyPath: m_LocalPosition.y
      value: -0.5
      objectReference: {fileID: 0}
    - target: {fileID: -4216859302048453862, guid: 680b94228c977a749a051c05b7efc875,
        type: 3}
      propertyPath: m_LocalPosition.z
      value: 0
      objectReference: {fileID: 0}
    - target: {fileID: -4216859302048453862, guid: 680b94228c977a749a051c05b7efc875,
        type: 3}
      propertyPath: m_LocalRotation.x
      value: 0
      objectReference: {fileID: 0}
    - target: {fileID: -4216859302048453862, guid: 680b94228c977a749a051c05b7efc875,
        type: 3}
      propertyPath: m_LocalRotation.y
      value: 0
      objectReference: {fileID: 0}
    - target: {fileID: -4216859302048453862, guid: 680b94228c977a749a051c05b7efc875,
        type: 3}
      propertyPath: m_LocalRotation.z
      value: 0
      objectReference: {fileID: 0}
    - target: {fileID: -4216859302048453862, guid: 680b94228c977a749a051c05b7efc875,
        type: 3}
      propertyPath: m_LocalRotation.w
      value: 1
      objectReference: {fileID: 0}
    - target: {fileID: -4216859302048453862, guid: 680b94228c977a749a051c05b7efc875,
        type: 3}
      propertyPath: m_RootOrder
      value: 0
      objectReference: {fileID: 0}
    - target: {fileID: -4216859302048453862, guid: 680b94228c977a749a051c05b7efc875,
        type: 3}
      propertyPath: m_LocalEulerAnglesHint.x
      value: 0
      objectReference: {fileID: 0}
    - target: {fileID: -4216859302048453862, guid: 680b94228c977a749a051c05b7efc875,
        type: 3}
      propertyPath: m_LocalEulerAnglesHint.y
      value: 0
      objectReference: {fileID: 0}
    - target: {fileID: -4216859302048453862, guid: 680b94228c977a749a051c05b7efc875,
        type: 3}
      propertyPath: m_LocalEulerAnglesHint.z
      value: 0
      objectReference: {fileID: 0}
    - target: {fileID: -3666490009832269969, guid: 680b94228c977a749a051c05b7efc875,
        type: 3}
      propertyPath: m_Materials.Array.data[0]
      value: 
      objectReference: {fileID: 2100000, guid: d077433d6bcc8aa49b697ace049f3dd5, type: 2}
    - target: {fileID: -2456376088446508792, guid: 680b94228c977a749a051c05b7efc875,
        type: 3}
      propertyPath: m_Materials.Array.data[0]
      value: 
      objectReference: {fileID: 2100000, guid: 605c34e461d1fb0408487a43401249e5, type: 2}
    - target: {fileID: -927199367670048503, guid: 680b94228c977a749a051c05b7efc875,
        type: 3}
      propertyPath: m_Name
      value: laser_set
      objectReference: {fileID: 0}
    - target: {fileID: -263494331239137991, guid: 680b94228c977a749a051c05b7efc875,
        type: 3}
      propertyPath: m_Materials.Array.data[0]
      value: 
      objectReference: {fileID: 2100000, guid: c53f212baf77cbc4f8e123616a25a8c3, type: 2}
    - target: {fileID: 7830579303697226544, guid: 680b94228c977a749a051c05b7efc875,
        type: 3}
      propertyPath: m_Materials.Array.data[0]
      value: 
      objectReference: {fileID: 2100000, guid: d077433d6bcc8aa49b697ace049f3dd5, type: 2}
    - target: {fileID: 8642123185585486484, guid: 680b94228c977a749a051c05b7efc875,
        type: 3}
      propertyPath: m_Materials.Array.data[0]
      value: 
      objectReference: {fileID: 2100000, guid: d077433d6bcc8aa49b697ace049f3dd5, type: 2}
    - target: {fileID: 8734310708943754034, guid: 680b94228c977a749a051c05b7efc875,
        type: 3}
      propertyPath: m_Materials.Array.data[0]
      value: 
      objectReference: {fileID: 2100000, guid: d077433d6bcc8aa49b697ace049f3dd5, type: 2}
    m_RemovedComponents: []
  m_SourcePrefab: {fileID: 100100000, guid: 680b94228c977a749a051c05b7efc875, type: 3}
--- !u!4 &6429037090905240742 stripped
Transform:
  m_CorrespondingSourceObject: {fileID: -4216859302048453862, guid: 680b94228c977a749a051c05b7efc875,
    type: 3}
  m_PrefabInstance: {fileID: 2036247042089426876}
  m_PrefabAsset: {fileID: 0}
