%YAML 1.1
%TAG !u! tag:unity3d.com,2011:
--- !u!29 &1
OcclusionCullingSettings:
  m_ObjectHideFlags: 0
  serializedVersion: 2
  m_OcclusionBakeSettings:
    smallestOccluder: 5
    smallestHole: 0.25
    backfaceThreshold: 100
  m_SceneGUID: 00000000000000000000000000000000
  m_OcclusionCullingData: {fileID: 0}
--- !u!104 &2
RenderSettings:
  m_ObjectHideFlags: 0
  serializedVersion: 9
  m_Fog: 0
  m_FogColor: {r: 0.5, g: 0.5, b: 0.5, a: 1}
  m_FogMode: 3
  m_FogDensity: 0.01
  m_LinearFogStart: 0
  m_LinearFogEnd: 300
  m_AmbientSkyColor: {r: 0.212, g: 0.227, b: 0.259, a: 1}
  m_AmbientEquatorColor: {r: 0.114, g: 0.125, b: 0.133, a: 1}
  m_AmbientGroundColor: {r: 0.047, g: 0.043, b: 0.035, a: 1}
  m_AmbientIntensity: 1
  m_AmbientMode: 0
  m_SubtractiveShadowColor: {r: 0.42, g: 0.478, b: 0.627, a: 1}
  m_SkyboxMaterial: {fileID: 10304, guid: 0000000000000000f000000000000000, type: 0}
  m_HaloStrength: 0.5
  m_FlareStrength: 1
  m_FlareFadeSpeed: 3
  m_HaloTexture: {fileID: 0}
  m_SpotCookie: {fileID: 10001, guid: 0000000000000000e000000000000000, type: 0}
  m_DefaultReflectionMode: 0
  m_DefaultReflectionResolution: 128
  m_ReflectionBounces: 1
  m_ReflectionIntensity: 1
  m_CustomReflection: {fileID: 0}
  m_Sun: {fileID: 0}
  m_IndirectSpecularColor: {r: 0, g: 0, b: 0, a: 1}
  m_UseRadianceAmbientProbe: 0
--- !u!157 &3
LightmapSettings:
  m_ObjectHideFlags: 0
  serializedVersion: 11
  m_GIWorkflowMode: 1
  m_GISettings:
    serializedVersion: 2
    m_BounceScale: 1
    m_IndirectOutputScale: 1
    m_AlbedoBoost: 1
    m_EnvironmentLightingMode: 0
    m_EnableBakedLightmaps: 1
    m_EnableRealtimeLightmaps: 1
  m_LightmapEditorSettings:
    serializedVersion: 12
    m_Resolution: 2
    m_BakeResolution: 40
    m_AtlasSize: 1024
    m_AO: 0
    m_AOMaxDistance: 1
    m_CompAOExponent: 1
    m_CompAOExponentDirect: 0
    m_ExtractAmbientOcclusion: 0
    m_Padding: 2
    m_LightmapParameters: {fileID: 0}
    m_LightmapsBakeMode: 1
    m_TextureCompression: 1
    m_FinalGather: 0
    m_FinalGatherFiltering: 1
    m_FinalGatherRayCount: 256
    m_ReflectionCompression: 2
    m_MixedBakeMode: 2
    m_BakeBackend: 1
    m_PVRSampling: 1
    m_PVRDirectSampleCount: 32
    m_PVRSampleCount: 512
    m_PVRBounces: 2
    m_PVREnvironmentSampleCount: 256
    m_PVREnvironmentReferencePointCount: 2048
    m_PVRFilteringMode: 1
    m_PVRDenoiserTypeDirect: 1
    m_PVRDenoiserTypeIndirect: 1
    m_PVRDenoiserTypeAO: 1
    m_PVRFilterTypeDirect: 0
    m_PVRFilterTypeIndirect: 0
    m_PVRFilterTypeAO: 0
    m_PVREnvironmentMIS: 1
    m_PVRCulling: 1
    m_PVRFilteringGaussRadiusDirect: 1
    m_PVRFilteringGaussRadiusIndirect: 5
    m_PVRFilteringGaussRadiusAO: 2
    m_PVRFilteringAtrousPositionSigmaDirect: 0.5
    m_PVRFilteringAtrousPositionSigmaIndirect: 2
    m_PVRFilteringAtrousPositionSigmaAO: 1
    m_ExportTrainingData: 0
    m_TrainingDataDestination: TrainingData
  m_LightingDataAsset: {fileID: 0}
  m_UseShadowmask: 0
--- !u!196 &4
NavMeshSettings:
  serializedVersion: 2
  m_ObjectHideFlags: 0
  m_BuildSettings:
    serializedVersion: 2
    agentTypeID: 0
    agentRadius: 0.5
    agentHeight: 2
    agentSlope: 45
    agentClimb: 0.4
    ledgeDropHeight: 0
    maxJumpAcrossDistance: 0
    minRegionArea: 2
    manualCellSize: 0
    cellSize: 0.16666667
    manualTileSize: 0
    tileSize: 256
    accuratePlacement: 0
    debug:
      m_Flags: 0
  m_NavMeshData: {fileID: 0}
--- !u!1 &148486479
GameObject:
  m_ObjectHideFlags: 0
  m_CorrespondingSourceObject: {fileID: 0}
  m_PrefabInstance: {fileID: 0}
  m_PrefabAsset: {fileID: 0}
  serializedVersion: 6
  m_Component:
  - component: {fileID: 148486483}
  - component: {fileID: 148486482}
  - component: {fileID: 148486481}
  - component: {fileID: 148486480}
  m_Layer: 0
  m_Name: Floor
  m_TagString: Untagged
  m_Icon: {fileID: 0}
  m_NavMeshLayer: 0
  m_StaticEditorFlags: 0
  m_IsActive: 1
--- !u!64 &148486480
MeshCollider:
  m_ObjectHideFlags: 0
  m_CorrespondingSourceObject: {fileID: 0}
  m_PrefabInstance: {fileID: 0}
  m_PrefabAsset: {fileID: 0}
  m_GameObject: {fileID: 148486479}
  m_Material: {fileID: 0}
  m_IsTrigger: 0
  m_Enabled: 1
  serializedVersion: 3
  m_Convex: 0
  m_CookingOptions: 14
  m_Mesh: {fileID: 10209, guid: 0000000000000000e000000000000000, type: 0}
--- !u!23 &148486481
MeshRenderer:
  m_ObjectHideFlags: 0
  m_CorrespondingSourceObject: {fileID: 0}
  m_PrefabInstance: {fileID: 0}
  m_PrefabAsset: {fileID: 0}
  m_GameObject: {fileID: 148486479}
  m_Enabled: 0
  m_CastShadows: 1
  m_ReceiveShadows: 1
  m_DynamicOccludee: 1
  m_MotionVectors: 1
  m_LightProbeUsage: 1
  m_ReflectionProbeUsage: 1
  m_RenderingLayerMask: 1
  m_RendererPriority: 0
  m_Materials:
  - {fileID: 2100000, guid: c954117253e1676498111dd2ce0991f1, type: 2}
  m_StaticBatchInfo:
    firstSubMesh: 0
    subMeshCount: 0
  m_StaticBatchRoot: {fileID: 0}
  m_ProbeAnchor: {fileID: 0}
  m_LightProbeVolumeOverride: {fileID: 0}
  m_ScaleInLightmap: 1
  m_ReceiveGI: 1
  m_PreserveUVs: 0
  m_IgnoreNormalsForChartDetection: 0
  m_ImportantGI: 0
  m_StitchLightmapSeams: 1
  m_SelectedEditorRenderState: 3
  m_MinimumChartSize: 4
  m_AutoUVMaxDistance: 0.5
  m_AutoUVMaxAngle: 89
  m_LightmapParameters: {fileID: 0}
  m_SortingLayerID: 0
  m_SortingLayer: 0
  m_SortingOrder: 0
--- !u!33 &148486482
MeshFilter:
  m_ObjectHideFlags: 0
  m_CorrespondingSourceObject: {fileID: 0}
  m_PrefabInstance: {fileID: 0}
  m_PrefabAsset: {fileID: 0}
  m_GameObject: {fileID: 148486479}
  m_Mesh: {fileID: 10209, guid: 0000000000000000e000000000000000, type: 0}
--- !u!4 &148486483
Transform:
  m_ObjectHideFlags: 0
  m_CorrespondingSourceObject: {fileID: 0}
  m_PrefabInstance: {fileID: 0}
  m_PrefabAsset: {fileID: 0}
  m_GameObject: {fileID: 148486479}
  m_LocalRotation: {x: -0, y: -0, z: -0, w: 1}
  m_LocalPosition: {x: 0, y: 0, z: 0}
  m_LocalScale: {x: 100, y: 100, z: 101}
  m_Children:
  - {fileID: 2010476230}
  m_Father: {fileID: 1946497402}
  m_RootOrder: 1
  m_LocalEulerAnglesHint: {x: 0, y: 0, z: 0}
--- !u!1 &294690815
GameObject:
  m_ObjectHideFlags: 0
  m_CorrespondingSourceObject: {fileID: 0}
  m_PrefabInstance: {fileID: 0}
  m_PrefabAsset: {fileID: 0}
  serializedVersion: 6
  m_Component:
  - component: {fileID: 294690818}
  - component: {fileID: 294690817}
  - component: {fileID: 294690816}
  m_Layer: 0
  m_Name: Camera
  m_TagString: Untagged
  m_Icon: {fileID: 0}
  m_NavMeshLayer: 0
  m_StaticEditorFlags: 0
  m_IsActive: 1
--- !u!81 &294690816
AudioListener:
  m_ObjectHideFlags: 0
  m_CorrespondingSourceObject: {fileID: 0}
  m_PrefabInstance: {fileID: 0}
  m_PrefabAsset: {fileID: 0}
  m_GameObject: {fileID: 294690815}
  m_Enabled: 1
--- !u!20 &294690817
Camera:
  m_ObjectHideFlags: 0
  m_CorrespondingSourceObject: {fileID: 0}
  m_PrefabInstance: {fileID: 0}
  m_PrefabAsset: {fileID: 0}
  m_GameObject: {fileID: 294690815}
  m_Enabled: 1
  serializedVersion: 2
  m_ClearFlags: 1
  m_BackGroundColor: {r: 0.19215687, g: 0.3019608, b: 0.4745098, a: 0}
  m_projectionMatrixMode: 1
  m_GateFitMode: 2
  m_FOVAxisMode: 0
  m_SensorSize: {x: 36, y: 24}
  m_LensShift: {x: 0, y: 0}
  m_FocalLength: 50
  m_NormalizedViewPortRect:
    serializedVersion: 2
    x: 0
    y: 0
    width: 1
    height: 1
  near clip plane: 0.3
  far clip plane: 1000
  field of view: 60
  orthographic: 0
  orthographic size: 5
  m_Depth: 0
  m_CullingMask:
    serializedVersion: 2
    m_Bits: 4294967295
  m_RenderingPath: -1
  m_TargetTexture: {fileID: 0}
  m_TargetDisplay: 0
  m_TargetEye: 3
  m_HDR: 1
  m_AllowMSAA: 1
  m_AllowDynamicResolution: 0
  m_ForceIntoRT: 0
  m_OcclusionCulling: 1
  m_StereoConvergence: 10
  m_StereoSeparation: 0.022
--- !u!4 &294690818
Transform:
  m_ObjectHideFlags: 0
  m_CorrespondingSourceObject: {fileID: 0}
  m_PrefabInstance: {fileID: 0}
  m_PrefabAsset: {fileID: 0}
  m_GameObject: {fileID: 294690815}
  m_LocalRotation: {x: 0.2164396, y: 0, z: 0, w: 0.97629607}
  m_LocalPosition: {x: 0, y: 10, z: -10}
  m_LocalScale: {x: 1, y: 1, z: 1}
  m_Children: []
  m_Father: {fileID: 0}
  m_RootOrder: 0
  m_LocalEulerAnglesHint: {x: 25, y: 0, z: 0}
--- !u!4 &446761249 stripped
Transform:
  m_CorrespondingSourceObject: {fileID: 3778748074471189000, guid: 03ce3295ade95314fac31507663c305f,
    type: 3}
  m_PrefabInstance: {fileID: 1245538931}
  m_PrefabAsset: {fileID: 0}
--- !u!4 &538495360 stripped
Transform:
  m_CorrespondingSourceObject: {fileID: 5532569727633000329, guid: 9cb5f9a925aaaad4fa599019e458ccc2,
    type: 3}
  m_PrefabInstance: {fileID: 5532569727097753097}
  m_PrefabAsset: {fileID: 0}
--- !u!1 &576741498 stripped
GameObject:
  m_CorrespondingSourceObject: {fileID: 4314769686283482345, guid: fe82c116b66eb434cb35c60cad90e5c5,
    type: 3}
  m_PrefabInstance: {fileID: 4314769686799518533}
  m_PrefabAsset: {fileID: 0}
--- !u!65 &576741499
BoxCollider:
  m_ObjectHideFlags: 0
  m_CorrespondingSourceObject: {fileID: 0}
  m_PrefabInstance: {fileID: 0}
  m_PrefabAsset: {fileID: 0}
  m_GameObject: {fileID: 576741498}
  m_Material: {fileID: 0}
  m_IsTrigger: 0
  m_Enabled: 1
  serializedVersion: 2
  m_Size: {x: 1, y: 1, z: 0.45}
  m_Center: {x: 0, y: 0.5, z: 0.1}
--- !u!4 &600047533 stripped
Transform:
  m_CorrespondingSourceObject: {fileID: 4314769686283482344, guid: fe82c116b66eb434cb35c60cad90e5c5,
    type: 3}
  m_PrefabInstance: {fileID: 4314769686799518533}
  m_PrefabAsset: {fileID: 0}
--- !u!1001 &625082891
PrefabInstance:
  m_ObjectHideFlags: 0
  serializedVersion: 2
  m_Modification:
    m_TransformParent: {fileID: 1946497402}
    m_Modifications:
    - target: {fileID: 38725162823354683, guid: 03ce3295ade95314fac31507663c305f,
        type: 3}
      propertyPath: m_Layer
      value: 0
      objectReference: {fileID: 0}
    - target: {fileID: 359116653443344593, guid: 03ce3295ade95314fac31507663c305f,
        type: 3}
      propertyPath: m_Layer
      value: 0
      objectReference: {fileID: 0}
    - target: {fileID: 3298191583453529831, guid: 03ce3295ade95314fac31507663c305f,
        type: 3}
      propertyPath: m_Layer
      value: 0
      objectReference: {fileID: 0}
    - target: {fileID: 3778748074471189000, guid: 03ce3295ade95314fac31507663c305f,
        type: 3}
      propertyPath: m_LocalPosition.x
      value: 8
      objectReference: {fileID: 0}
    - target: {fileID: 3778748074471189000, guid: 03ce3295ade95314fac31507663c305f,
        type: 3}
      propertyPath: m_LocalPosition.y
      value: 0.5
      objectReference: {fileID: 0}
    - target: {fileID: 3778748074471189000, guid: 03ce3295ade95314fac31507663c305f,
        type: 3}
      propertyPath: m_LocalPosition.z
      value: -1
      objectReference: {fileID: 0}
    - target: {fileID: 3778748074471189000, guid: 03ce3295ade95314fac31507663c305f,
        type: 3}
      propertyPath: m_LocalRotation.x
      value: 0
      objectReference: {fileID: 0}
    - target: {fileID: 3778748074471189000, guid: 03ce3295ade95314fac31507663c305f,
        type: 3}
      propertyPath: m_LocalRotation.y
      value: -0.20791169
      objectReference: {fileID: 0}
    - target: {fileID: 3778748074471189000, guid: 03ce3295ade95314fac31507663c305f,
        type: 3}
      propertyPath: m_LocalRotation.z
      value: 0
      objectReference: {fileID: 0}
    - target: {fileID: 3778748074471189000, guid: 03ce3295ade95314fac31507663c305f,
        type: 3}
      propertyPath: m_LocalRotation.w
      value: 0.9781476
      objectReference: {fileID: 0}
    - target: {fileID: 3778748074471189000, guid: 03ce3295ade95314fac31507663c305f,
        type: 3}
      propertyPath: m_RootOrder
      value: 5
      objectReference: {fileID: 0}
    - target: {fileID: 3778748074471189000, guid: 03ce3295ade95314fac31507663c305f,
        type: 3}
      propertyPath: m_LocalEulerAnglesHint.x
      value: 0
      objectReference: {fileID: 0}
    - target: {fileID: 3778748074471189000, guid: 03ce3295ade95314fac31507663c305f,
        type: 3}
      propertyPath: m_LocalEulerAnglesHint.y
      value: -24
      objectReference: {fileID: 0}
    - target: {fileID: 3778748074471189000, guid: 03ce3295ade95314fac31507663c305f,
        type: 3}
      propertyPath: m_LocalEulerAnglesHint.z
      value: 0
      objectReference: {fileID: 0}
    - target: {fileID: 3778748074471189000, guid: 03ce3295ade95314fac31507663c305f,
        type: 3}
      propertyPath: m_LocalScale.z
      value: 1
      objectReference: {fileID: 0}
    - target: {fileID: 3778748074471189004, guid: 03ce3295ade95314fac31507663c305f,
        type: 3}
      propertyPath: m_Name
      value: Mirror (1)
      objectReference: {fileID: 0}
    - target: {fileID: 3778748074471189004, guid: 03ce3295ade95314fac31507663c305f,
        type: 3}
      propertyPath: m_Layer
      value: 9
      objectReference: {fileID: 0}
    - target: {fileID: 3778748074471189007, guid: 03ce3295ade95314fac31507663c305f,
        type: 3}
      propertyPath: m_Size.z
      value: 0.1
      objectReference: {fileID: 0}
    - target: {fileID: 3778748074471189007, guid: 03ce3295ade95314fac31507663c305f,
        type: 3}
      propertyPath: m_Center.z
      value: 0.25
      objectReference: {fileID: 0}
    - target: {fileID: 8101122277874887206, guid: 03ce3295ade95314fac31507663c305f,
        type: 3}
      propertyPath: m_Layer
      value: 0
      objectReference: {fileID: 0}
    m_RemovedComponents: []
  m_SourcePrefab: {fileID: 100100000, guid: 03ce3295ade95314fac31507663c305f, type: 3}
--- !u!4 &716546132 stripped
Transform:
  m_CorrespondingSourceObject: {fileID: 3778748074471189000, guid: 03ce3295ade95314fac31507663c305f,
    type: 3}
  m_PrefabInstance: {fileID: 625082891}
  m_PrefabAsset: {fileID: 0}
--- !u!1001 &725865807
PrefabInstance:
  m_ObjectHideFlags: 0
  serializedVersion: 2
  m_Modification:
    m_TransformParent: {fileID: 0}
    m_Modifications:
    - target: {fileID: 7234131154547226794, guid: 25dc703517341d0469cc681b150c3330,
        type: 3}
      propertyPath: m_Name
      value: Character
      objectReference: {fileID: 0}
    - target: {fileID: 7234131154547226795, guid: 25dc703517341d0469cc681b150c3330,
        type: 3}
      propertyPath: m_LocalPosition.x
      value: 10.65
      objectReference: {fileID: 0}
    - target: {fileID: 7234131154547226795, guid: 25dc703517341d0469cc681b150c3330,
        type: 3}
      propertyPath: m_LocalPosition.y
      value: 0
      objectReference: {fileID: 0}
    - target: {fileID: 7234131154547226795, guid: 25dc703517341d0469cc681b150c3330,
        type: 3}
      propertyPath: m_LocalPosition.z
      value: 0
      objectReference: {fileID: 0}
    - target: {fileID: 7234131154547226795, guid: 25dc703517341d0469cc681b150c3330,
        type: 3}
      propertyPath: m_LocalRotation.x
      value: 0
      objectReference: {fileID: 0}
    - target: {fileID: 7234131154547226795, guid: 25dc703517341d0469cc681b150c3330,
        type: 3}
      propertyPath: m_LocalRotation.y
      value: 0
      objectReference: {fileID: 0}
    - target: {fileID: 7234131154547226795, guid: 25dc703517341d0469cc681b150c3330,
        type: 3}
      propertyPath: m_LocalRotation.z
      value: 0
      objectReference: {fileID: 0}
    - target: {fileID: 7234131154547226795, guid: 25dc703517341d0469cc681b150c3330,
        type: 3}
      propertyPath: m_LocalRotation.w
      value: 1
      objectReference: {fileID: 0}
    - target: {fileID: 7234131154547226795, guid: 25dc703517341d0469cc681b150c3330,
        type: 3}
      propertyPath: m_RootOrder
      value: 3
      objectReference: {fileID: 0}
    - target: {fileID: 7234131154547226795, guid: 25dc703517341d0469cc681b150c3330,
        type: 3}
      propertyPath: m_LocalEulerAnglesHint.x
      value: 0
      objectReference: {fileID: 0}
    - target: {fileID: 7234131154547226795, guid: 25dc703517341d0469cc681b150c3330,
        type: 3}
      propertyPath: m_LocalEulerAnglesHint.y
      value: 0
      objectReference: {fileID: 0}
    - target: {fileID: 7234131154547226795, guid: 25dc703517341d0469cc681b150c3330,
        type: 3}
      propertyPath: m_LocalEulerAnglesHint.z
      value: 0
      objectReference: {fileID: 0}
    m_RemovedComponents: []
  m_SourcePrefab: {fileID: 100100000, guid: 25dc703517341d0469cc681b150c3330, type: 3}
--- !u!1 &812113847 stripped
GameObject:
  m_CorrespondingSourceObject: {fileID: 4314769686283482345, guid: fe82c116b66eb434cb35c60cad90e5c5,
    type: 3}
  m_PrefabInstance: {fileID: 970744571}
  m_PrefabAsset: {fileID: 0}
--- !u!4 &812113848 stripped
Transform:
  m_CorrespondingSourceObject: {fileID: 4314769686283482344, guid: fe82c116b66eb434cb35c60cad90e5c5,
    type: 3}
  m_PrefabInstance: {fileID: 970744571}
  m_PrefabAsset: {fileID: 0}
--- !u!65 &812113849
BoxCollider:
  m_ObjectHideFlags: 0
  m_CorrespondingSourceObject: {fileID: 0}
  m_PrefabInstance: {fileID: 0}
  m_PrefabAsset: {fileID: 0}
  m_GameObject: {fileID: 812113847}
  m_Material: {fileID: 0}
  m_IsTrigger: 0
  m_Enabled: 1
  serializedVersion: 2
  m_Size: {x: 1, y: 1, z: 0.45}
  m_Center: {x: 0, y: 0.5, z: 0.1}
--- !u!1001 &970744571
PrefabInstance:
  m_ObjectHideFlags: 0
  serializedVersion: 2
  m_Modification:
    m_TransformParent: {fileID: 1946497402}
    m_Modifications:
    - target: {fileID: 4314769686283482344, guid: fe82c116b66eb434cb35c60cad90e5c5,
        type: 3}
      propertyPath: m_LocalPosition.x
      value: 5
      objectReference: {fileID: 0}
    - target: {fileID: 4314769686283482344, guid: fe82c116b66eb434cb35c60cad90e5c5,
        type: 3}
      propertyPath: m_LocalPosition.y
      value: 0
      objectReference: {fileID: 0}
    - target: {fileID: 4314769686283482344, guid: fe82c116b66eb434cb35c60cad90e5c5,
        type: 3}
      propertyPath: m_LocalPosition.z
      value: -2
      objectReference: {fileID: 0}
    - target: {fileID: 4314769686283482344, guid: fe82c116b66eb434cb35c60cad90e5c5,
        type: 3}
      propertyPath: m_LocalRotation.x
      value: 0
      objectReference: {fileID: 0}
    - target: {fileID: 4314769686283482344, guid: fe82c116b66eb434cb35c60cad90e5c5,
        type: 3}
      propertyPath: m_LocalRotation.y
      value: 0
      objectReference: {fileID: 0}
    - target: {fileID: 4314769686283482344, guid: fe82c116b66eb434cb35c60cad90e5c5,
        type: 3}
      propertyPath: m_LocalRotation.z
      value: 0
      objectReference: {fileID: 0}
    - target: {fileID: 4314769686283482344, guid: fe82c116b66eb434cb35c60cad90e5c5,
        type: 3}
      propertyPath: m_LocalRotation.w
      value: 1
      objectReference: {fileID: 0}
    - target: {fileID: 4314769686283482344, guid: fe82c116b66eb434cb35c60cad90e5c5,
        type: 3}
      propertyPath: m_RootOrder
      value: 7
      objectReference: {fileID: 0}
    - target: {fileID: 4314769686283482344, guid: fe82c116b66eb434cb35c60cad90e5c5,
        type: 3}
      propertyPath: m_LocalEulerAnglesHint.x
      value: 0
      objectReference: {fileID: 0}
    - target: {fileID: 4314769686283482344, guid: fe82c116b66eb434cb35c60cad90e5c5,
        type: 3}
      propertyPath: m_LocalEulerAnglesHint.y
      value: 0
      objectReference: {fileID: 0}
    - target: {fileID: 4314769686283482344, guid: fe82c116b66eb434cb35c60cad90e5c5,
        type: 3}
      propertyPath: m_LocalEulerAnglesHint.z
      value: 0
      objectReference: {fileID: 0}
    - target: {fileID: 4314769686283482345, guid: fe82c116b66eb434cb35c60cad90e5c5,
        type: 3}
      propertyPath: m_Name
      value: Receiver (1)
      objectReference: {fileID: 0}
    - target: {fileID: 4314769686283482345, guid: fe82c116b66eb434cb35c60cad90e5c5,
        type: 3}
      propertyPath: m_Layer
      value: 12
      objectReference: {fileID: 0}
    - target: {fileID: 5242411230181251440, guid: fe82c116b66eb434cb35c60cad90e5c5,
        type: 3}
      propertyPath: m_Layer
      value: 10
      objectReference: {fileID: 0}
    - target: {fileID: 6248766696910560919, guid: fe82c116b66eb434cb35c60cad90e5c5,
        type: 3}
      propertyPath: m_Layer
      value: 10
      objectReference: {fileID: 0}
    - target: {fileID: 7317463930402641580, guid: fe82c116b66eb434cb35c60cad90e5c5,
        type: 3}
      propertyPath: m_Layer
      value: 10
      objectReference: {fileID: 0}
    - target: {fileID: 7520730252124104009, guid: fe82c116b66eb434cb35c60cad90e5c5,
        type: 3}
      propertyPath: m_Layer
      value: 10
      objectReference: {fileID: 0}
    m_RemovedComponents: []
  m_SourcePrefab: {fileID: 100100000, guid: fe82c116b66eb434cb35c60cad90e5c5, type: 3}
--- !u!1001 &976910705
PrefabInstance:
  m_ObjectHideFlags: 0
  serializedVersion: 2
  m_Modification:
    m_TransformParent: {fileID: 1946497402}
    m_Modifications:
    - target: {fileID: 3778748074471189000, guid: 03ce3295ade95314fac31507663c305f,
        type: 3}
      propertyPath: m_LocalPosition.x
      value: 2
      objectReference: {fileID: 0}
    - target: {fileID: 3778748074471189000, guid: 03ce3295ade95314fac31507663c305f,
        type: 3}
      propertyPath: m_LocalPosition.y
      value: 0.5
      objectReference: {fileID: 0}
    - target: {fileID: 3778748074471189000, guid: 03ce3295ade95314fac31507663c305f,
        type: 3}
      propertyPath: m_LocalPosition.z
      value: 5
      objectReference: {fileID: 0}
    - target: {fileID: 3778748074471189000, guid: 03ce3295ade95314fac31507663c305f,
        type: 3}
      propertyPath: m_LocalRotation.x
      value: 0
      objectReference: {fileID: 0}
    - target: {fileID: 3778748074471189000, guid: 03ce3295ade95314fac31507663c305f,
        type: 3}
      propertyPath: m_LocalRotation.y
      value: 0.9799248
      objectReference: {fileID: 0}
    - target: {fileID: 3778748074471189000, guid: 03ce3295ade95314fac31507663c305f,
        type: 3}
      propertyPath: m_LocalRotation.z
      value: 0
      objectReference: {fileID: 0}
    - target: {fileID: 3778748074471189000, guid: 03ce3295ade95314fac31507663c305f,
        type: 3}
      propertyPath: m_LocalRotation.w
      value: 0.19936797
      objectReference: {fileID: 0}
    - target: {fileID: 3778748074471189000, guid: 03ce3295ade95314fac31507663c305f,
        type: 3}
      propertyPath: m_RootOrder
      value: 3
      objectReference: {fileID: 0}
    - target: {fileID: 3778748074471189000, guid: 03ce3295ade95314fac31507663c305f,
        type: 3}
      propertyPath: m_LocalEulerAnglesHint.x
      value: 0
      objectReference: {fileID: 0}
    - target: {fileID: 3778748074471189000, guid: 03ce3295ade95314fac31507663c305f,
        type: 3}
      propertyPath: m_LocalEulerAnglesHint.y
      value: 157
      objectReference: {fileID: 0}
    - target: {fileID: 3778748074471189000, guid: 03ce3295ade95314fac31507663c305f,
        type: 3}
      propertyPath: m_LocalEulerAnglesHint.z
      value: 0
      objectReference: {fileID: 0}
    - target: {fileID: 3778748074471189000, guid: 03ce3295ade95314fac31507663c305f,
        type: 3}
      propertyPath: m_LocalScale.z
      value: 1
      objectReference: {fileID: 0}
    - target: {fileID: 3778748074471189004, guid: 03ce3295ade95314fac31507663c305f,
        type: 3}
      propertyPath: m_Name
      value: Mirror
      objectReference: {fileID: 0}
    - target: {fileID: 3778748074471189004, guid: 03ce3295ade95314fac31507663c305f,
        type: 3}
      propertyPath: m_Layer
      value: 17
      objectReference: {fileID: 0}
    - target: {fileID: 3778748074471189007, guid: 03ce3295ade95314fac31507663c305f,
        type: 3}
      propertyPath: m_Size.z
      value: 0.1
      objectReference: {fileID: 0}
    - target: {fileID: 3778748074471189007, guid: 03ce3295ade95314fac31507663c305f,
        type: 3}
      propertyPath: m_Center.z
      value: 0.22
      objectReference: {fileID: 0}
    - target: {fileID: 3778748074471189007, guid: 03ce3295ade95314fac31507663c305f,
        type: 3}
      propertyPath: m_Size.x
      value: 0.8
      objectReference: {fileID: 0}
    - target: {fileID: 6475717467366039463, guid: 03ce3295ade95314fac31507663c305f,
        type: 3}
      propertyPath: m_Layer
      value: 17
      objectReference: {fileID: 0}
    m_RemovedComponents: []
  m_SourcePrefab: {fileID: 100100000, guid: 03ce3295ade95314fac31507663c305f, type: 3}
--- !u!4 &976910706 stripped
Transform:
  m_CorrespondingSourceObject: {fileID: 3778748074471189000, guid: 03ce3295ade95314fac31507663c305f,
    type: 3}
  m_PrefabInstance: {fileID: 976910705}
  m_PrefabAsset: {fileID: 0}
--- !u!1 &1036942833
GameObject:
  m_ObjectHideFlags: 0
  m_CorrespondingSourceObject: {fileID: 0}
  m_PrefabInstance: {fileID: 0}
  m_PrefabAsset: {fileID: 0}
  serializedVersion: 6
  m_Component:
  - component: {fileID: 1036942834}
  m_Layer: 0
  m_Name: Wall
  m_TagString: Untagged
  m_Icon: {fileID: 0}
  m_NavMeshLayer: 0
  m_StaticEditorFlags: 0
  m_IsActive: 1
--- !u!4 &1036942834
Transform:
  m_ObjectHideFlags: 0
  m_CorrespondingSourceObject: {fileID: 0}
  m_PrefabInstance: {fileID: 0}
  m_PrefabAsset: {fileID: 0}
  m_GameObject: {fileID: 1036942833}
  m_LocalRotation: {x: 0, y: 0, z: 0, w: 1}
  m_LocalPosition: {x: 0, y: 0.8, z: 0}
  m_LocalScale: {x: 1, y: 1, z: 200}
  m_Children:
  - {fileID: 1919919210}
  m_Father: {fileID: 1946497402}
  m_RootOrder: 2
  m_LocalEulerAnglesHint: {x: 0, y: 0, z: 0}
--- !u!1 &1177908045 stripped
GameObject:
  m_CorrespondingSourceObject: {fileID: 5532569727633000310, guid: 9cb5f9a925aaaad4fa599019e458ccc2,
    type: 3}
  m_PrefabInstance: {fileID: 1667035640}
  m_PrefabAsset: {fileID: 0}
--- !u!4 &1177908046 stripped
Transform:
  m_CorrespondingSourceObject: {fileID: 5532569727633000329, guid: 9cb5f9a925aaaad4fa599019e458ccc2,
    type: 3}
  m_PrefabInstance: {fileID: 1667035640}
  m_PrefabAsset: {fileID: 0}
--- !u!114 &1177908047
MonoBehaviour:
  m_ObjectHideFlags: 0
  m_CorrespondingSourceObject: {fileID: 0}
  m_PrefabInstance: {fileID: 0}
  m_PrefabAsset: {fileID: 0}
  m_GameObject: {fileID: 1177908045}
  m_Enabled: 1
  m_EditorHideFlags: 0
  m_Script: {fileID: 11500000, guid: 7803336973970e74389c3a4d5a125c26, type: 3}
  m_Name: 
  m_EditorClassIdentifier: 
  OnGoalHit:
    m_PersistentCalls:
      m_Calls: []
  rayColor: 1
--- !u!120 &1177908048
LineRenderer:
  m_ObjectHideFlags: 0
  m_CorrespondingSourceObject: {fileID: 0}
  m_PrefabInstance: {fileID: 0}
  m_PrefabAsset: {fileID: 0}
  m_GameObject: {fileID: 1177908045}
  m_Enabled: 1
  m_CastShadows: 1
  m_ReceiveShadows: 1
  m_DynamicOccludee: 1
  m_MotionVectors: 0
  m_LightProbeUsage: 0
  m_ReflectionProbeUsage: 0
  m_RenderingLayerMask: 1
  m_RendererPriority: 0
  m_Materials:
  - {fileID: 2100000, guid: a454314dc8c34ea46853580614a45e6b, type: 2}
  m_StaticBatchInfo:
    firstSubMesh: 0
    subMeshCount: 0
  m_StaticBatchRoot: {fileID: 0}
  m_ProbeAnchor: {fileID: 0}
  m_LightProbeVolumeOverride: {fileID: 0}
  m_ScaleInLightmap: 1
  m_ReceiveGI: 1
  m_PreserveUVs: 0
  m_IgnoreNormalsForChartDetection: 0
  m_ImportantGI: 0
  m_StitchLightmapSeams: 1
  m_SelectedEditorRenderState: 3
  m_MinimumChartSize: 4
  m_AutoUVMaxDistance: 0.5
  m_AutoUVMaxAngle: 89
  m_LightmapParameters: {fileID: 0}
  m_SortingLayerID: 0
  m_SortingLayer: 0
  m_SortingOrder: 0
  m_Positions:
  - {x: 0, y: 0, z: 0}
  - {x: 0, y: 0, z: 1}
  m_Parameters:
    serializedVersion: 3
    widthMultiplier: 1
    widthCurve:
      serializedVersion: 2
      m_Curve:
      - serializedVersion: 3
        time: 0.018432617
        value: 0.3068168
        inSlope: 0
        outSlope: 0
        tangentMode: 0
        weightedMode: 0
        inWeight: 0.33333334
        outWeight: 0.33333334
      m_PreInfinity: 2
      m_PostInfinity: 2
      m_RotationOrder: 4
    colorGradient:
      serializedVersion: 2
      key0: {r: 1, g: 1, b: 1, a: 1}
      key1: {r: 1, g: 1, b: 1, a: 1}
      key2: {r: 0, g: 0, b: 0, a: 0}
      key3: {r: 0, g: 0, b: 0, a: 0}
      key4: {r: 0, g: 0, b: 0, a: 0}
      key5: {r: 0, g: 0, b: 0, a: 0}
      key6: {r: 0, g: 0, b: 0, a: 0}
      key7: {r: 0, g: 0, b: 0, a: 0}
      ctime0: 0
      ctime1: 65535
      ctime2: 0
      ctime3: 0
      ctime4: 0
      ctime5: 0
      ctime6: 0
      ctime7: 0
      atime0: 0
      atime1: 65535
      atime2: 0
      atime3: 0
      atime4: 0
      atime5: 0
      atime6: 0
      atime7: 0
      m_Mode: 0
      m_NumColorKeys: 2
      m_NumAlphaKeys: 2
    numCornerVertices: 0
    numCapVertices: 0
    alignment: 0
    textureMode: 0
    shadowBias: 0.5
    generateLightingData: 0
  m_UseWorldSpace: 1
  m_Loop: 0
--- !u!1001 &1245538931
PrefabInstance:
  m_ObjectHideFlags: 0
  serializedVersion: 2
  m_Modification:
    m_TransformParent: {fileID: 1946497402}
    m_Modifications:
    - target: {fileID: 3778748074471189000, guid: 03ce3295ade95314fac31507663c305f,
        type: 3}
      propertyPath: m_LocalPosition.x
      value: 2
      objectReference: {fileID: 0}
    - target: {fileID: 3778748074471189000, guid: 03ce3295ade95314fac31507663c305f,
        type: 3}
      propertyPath: m_LocalPosition.y
      value: 0.5
      objectReference: {fileID: 0}
    - target: {fileID: 3778748074471189000, guid: 03ce3295ade95314fac31507663c305f,
        type: 3}
      propertyPath: m_LocalPosition.z
      value: 7
      objectReference: {fileID: 0}
    - target: {fileID: 3778748074471189000, guid: 03ce3295ade95314fac31507663c305f,
        type: 3}
      propertyPath: m_LocalRotation.x
      value: 0
      objectReference: {fileID: 0}
    - target: {fileID: 3778748074471189000, guid: 03ce3295ade95314fac31507663c305f,
        type: 3}
      propertyPath: m_LocalRotation.y
      value: 0.62932044
      objectReference: {fileID: 0}
    - target: {fileID: 3778748074471189000, guid: 03ce3295ade95314fac31507663c305f,
        type: 3}
      propertyPath: m_LocalRotation.z
      value: 0
      objectReference: {fileID: 0}
    - target: {fileID: 3778748074471189000, guid: 03ce3295ade95314fac31507663c305f,
        type: 3}
      propertyPath: m_LocalRotation.w
      value: 0.777146
      objectReference: {fileID: 0}
    - target: {fileID: 3778748074471189000, guid: 03ce3295ade95314fac31507663c305f,
        type: 3}
      propertyPath: m_RootOrder
      value: 8
      objectReference: {fileID: 0}
    - target: {fileID: 3778748074471189000, guid: 03ce3295ade95314fac31507663c305f,
        type: 3}
      propertyPath: m_LocalEulerAnglesHint.x
      value: 0
      objectReference: {fileID: 0}
    - target: {fileID: 3778748074471189000, guid: 03ce3295ade95314fac31507663c305f,
        type: 3}
      propertyPath: m_LocalEulerAnglesHint.y
      value: 78
      objectReference: {fileID: 0}
    - target: {fileID: 3778748074471189000, guid: 03ce3295ade95314fac31507663c305f,
        type: 3}
      propertyPath: m_LocalEulerAnglesHint.z
      value: 0
      objectReference: {fileID: 0}
    - target: {fileID: 3778748074471189000, guid: 03ce3295ade95314fac31507663c305f,
        type: 3}
      propertyPath: m_LocalScale.z
      value: 1
      objectReference: {fileID: 0}
    - target: {fileID: 3778748074471189004, guid: 03ce3295ade95314fac31507663c305f,
        type: 3}
      propertyPath: m_Name
      value: Mirror (3)
      objectReference: {fileID: 0}
    - target: {fileID: 3778748074471189004, guid: 03ce3295ade95314fac31507663c305f,
        type: 3}
      propertyPath: m_Layer
      value: 17
      objectReference: {fileID: 0}
    - target: {fileID: 3778748074471189007, guid: 03ce3295ade95314fac31507663c305f,
        type: 3}
      propertyPath: m_Size.z
      value: 0.1
      objectReference: {fileID: 0}
    - target: {fileID: 3778748074471189007, guid: 03ce3295ade95314fac31507663c305f,
        type: 3}
      propertyPath: m_Center.z
      value: 0.22
      objectReference: {fileID: 0}
    - target: {fileID: 3778748074471189007, guid: 03ce3295ade95314fac31507663c305f,
        type: 3}
      propertyPath: m_Size.x
      value: 0.8
      objectReference: {fileID: 0}
    - target: {fileID: 6475717467366039463, guid: 03ce3295ade95314fac31507663c305f,
        type: 3}
      propertyPath: m_Layer
      value: 17
      objectReference: {fileID: 0}
    m_RemovedComponents: []
  m_SourcePrefab: {fileID: 100100000, guid: 03ce3295ade95314fac31507663c305f, type: 3}
--- !u!1 &1373178344 stripped
GameObject:
  m_CorrespondingSourceObject: {fileID: 5532569727633000310, guid: 9cb5f9a925aaaad4fa599019e458ccc2,
    type: 3}
  m_PrefabInstance: {fileID: 5532569727097753097}
  m_PrefabAsset: {fileID: 0}
--- !u!114 &1373178345
MonoBehaviour:
  m_ObjectHideFlags: 0
  m_CorrespondingSourceObject: {fileID: 0}
  m_PrefabInstance: {fileID: 0}
  m_PrefabAsset: {fileID: 0}
  m_GameObject: {fileID: 1373178344}
  m_Enabled: 1
  m_EditorHideFlags: 0
  m_Script: {fileID: 11500000, guid: 7803336973970e74389c3a4d5a125c26, type: 3}
  m_Name: 
  m_EditorClassIdentifier: 
  OnGoalHit:
    m_PersistentCalls:
      m_Calls: []
  rayColor: 0
--- !u!120 &1373178346
LineRenderer:
  m_ObjectHideFlags: 0
  m_CorrespondingSourceObject: {fileID: 0}
  m_PrefabInstance: {fileID: 0}
  m_PrefabAsset: {fileID: 0}
  m_GameObject: {fileID: 1373178344}
  m_Enabled: 1
  m_CastShadows: 1
  m_ReceiveShadows: 1
  m_DynamicOccludee: 1
  m_MotionVectors: 0
  m_LightProbeUsage: 0
  m_ReflectionProbeUsage: 0
  m_RenderingLayerMask: 1
  m_RendererPriority: 0
  m_Materials:
  - {fileID: 2100000, guid: a454314dc8c34ea46853580614a45e6b, type: 2}
  m_StaticBatchInfo:
    firstSubMesh: 0
    subMeshCount: 0
  m_StaticBatchRoot: {fileID: 0}
  m_ProbeAnchor: {fileID: 0}
  m_LightProbeVolumeOverride: {fileID: 0}
  m_ScaleInLightmap: 1
  m_ReceiveGI: 1
  m_PreserveUVs: 0
  m_IgnoreNormalsForChartDetection: 0
  m_ImportantGI: 0
  m_StitchLightmapSeams: 1
  m_SelectedEditorRenderState: 3
  m_MinimumChartSize: 4
  m_AutoUVMaxDistance: 0.5
  m_AutoUVMaxAngle: 89
  m_LightmapParameters: {fileID: 0}
  m_SortingLayerID: 0
  m_SortingLayer: 0
  m_SortingOrder: 0
  m_Positions:
  - {x: 0, y: 0, z: 0}
  - {x: 0, y: 0, z: 1}
  m_Parameters:
    serializedVersion: 3
    widthMultiplier: 1
    widthCurve:
      serializedVersion: 2
      m_Curve:
      - serializedVersion: 3
        time: 0.018432617
        value: 0.3068168
        inSlope: 0
        outSlope: 0
        tangentMode: 0
        weightedMode: 0
        inWeight: 0.33333334
        outWeight: 0.33333334
      m_PreInfinity: 2
      m_PostInfinity: 2
      m_RotationOrder: 4
    colorGradient:
      serializedVersion: 2
      key0: {r: 1, g: 1, b: 1, a: 1}
      key1: {r: 1, g: 1, b: 1, a: 1}
      key2: {r: 0, g: 0, b: 0, a: 0}
      key3: {r: 0, g: 0, b: 0, a: 0}
      key4: {r: 0, g: 0, b: 0, a: 0}
      key5: {r: 0, g: 0, b: 0, a: 0}
      key6: {r: 0, g: 0, b: 0, a: 0}
      key7: {r: 0, g: 0, b: 0, a: 0}
      ctime0: 0
      ctime1: 65535
      ctime2: 0
      ctime3: 0
      ctime4: 0
      ctime5: 0
      ctime6: 0
      ctime7: 0
      atime0: 0
      atime1: 65535
      atime2: 0
      atime3: 0
      atime4: 0
      atime5: 0
      atime6: 0
      atime7: 0
      m_Mode: 0
      m_NumColorKeys: 2
      m_NumAlphaKeys: 2
    numCornerVertices: 0
    numCapVertices: 0
    alignment: 0
    textureMode: 0
    shadowBias: 0.5
    generateLightingData: 0
  m_UseWorldSpace: 1
  m_Loop: 0
--- !u!4 &1469360914 stripped
Transform:
  m_CorrespondingSourceObject: {fileID: 3778748074471189000, guid: 03ce3295ade95314fac31507663c305f,
    type: 3}
  m_PrefabInstance: {fileID: 1760135888}
  m_PrefabAsset: {fileID: 0}
--- !u!1 &1553677334 stripped
GameObject:
  m_CorrespondingSourceObject: {fileID: 8101122277874887206, guid: 03ce3295ade95314fac31507663c305f,
    type: 3}
  m_PrefabInstance: {fileID: 1245538931}
  m_PrefabAsset: {fileID: 0}
--- !u!64 &1553677336
MeshCollider:
  m_ObjectHideFlags: 0
  m_CorrespondingSourceObject: {fileID: 0}
  m_PrefabInstance: {fileID: 0}
  m_PrefabAsset: {fileID: 0}
  m_GameObject: {fileID: 1553677334}
  m_Material: {fileID: 0}
  m_IsTrigger: 0
  m_Enabled: 1
  serializedVersion: 3
  m_Convex: 0
  m_CookingOptions: 14
  m_Mesh: {fileID: 880527180768544322, guid: 726227c9ba55cae4694d8c1d2d0ca4ba, type: 3}
--- !u!1001 &1667035640
PrefabInstance:
  m_ObjectHideFlags: 0
  serializedVersion: 2
  m_Modification:
    m_TransformParent: {fileID: 1946497402}
    m_Modifications:
    - target: {fileID: 5532569727633000310, guid: 9cb5f9a925aaaad4fa599019e458ccc2,
        type: 3}
      propertyPath: m_Name
      value: Emitter (1)
      objectReference: {fileID: 0}
    - target: {fileID: 5532569727633000329, guid: 9cb5f9a925aaaad4fa599019e458ccc2,
        type: 3}
      propertyPath: m_LocalPosition.x
      value: 5
      objectReference: {fileID: 0}
    - target: {fileID: 5532569727633000329, guid: 9cb5f9a925aaaad4fa599019e458ccc2,
        type: 3}
      propertyPath: m_LocalPosition.y
      value: 0.5
      objectReference: {fileID: 0}
    - target: {fileID: 5532569727633000329, guid: 9cb5f9a925aaaad4fa599019e458ccc2,
        type: 3}
      propertyPath: m_LocalPosition.z
      value: 12
      objectReference: {fileID: 0}
    - target: {fileID: 5532569727633000329, guid: 9cb5f9a925aaaad4fa599019e458ccc2,
        type: 3}
      propertyPath: m_LocalRotation.x
      value: 0
      objectReference: {fileID: 0}
    - target: {fileID: 5532569727633000329, guid: 9cb5f9a925aaaad4fa599019e458ccc2,
        type: 3}
      propertyPath: m_LocalRotation.y
      value: 0.9659259
      objectReference: {fileID: 0}
    - target: {fileID: 5532569727633000329, guid: 9cb5f9a925aaaad4fa599019e458ccc2,
        type: 3}
      propertyPath: m_LocalRotation.z
      value: -0
      objectReference: {fileID: 0}
    - target: {fileID: 5532569727633000329, guid: 9cb5f9a925aaaad4fa599019e458ccc2,
        type: 3}
      propertyPath: m_LocalRotation.w
      value: -0.25881898
      objectReference: {fileID: 0}
    - target: {fileID: 5532569727633000329, guid: 9cb5f9a925aaaad4fa599019e458ccc2,
        type: 3}
      propertyPath: m_RootOrder
      value: 9
      objectReference: {fileID: 0}
    - target: {fileID: 5532569727633000329, guid: 9cb5f9a925aaaad4fa599019e458ccc2,
        type: 3}
      propertyPath: m_LocalEulerAnglesHint.x
      value: 0
      objectReference: {fileID: 0}
    - target: {fileID: 5532569727633000329, guid: 9cb5f9a925aaaad4fa599019e458ccc2,
        type: 3}
      propertyPath: m_LocalEulerAnglesHint.y
      value: 210
      objectReference: {fileID: 0}
    - target: {fileID: 5532569727633000329, guid: 9cb5f9a925aaaad4fa599019e458ccc2,
        type: 3}
      propertyPath: m_LocalEulerAnglesHint.z
      value: 0
      objectReference: {fileID: 0}
    - target: {fileID: 7572376895080701227, guid: 9cb5f9a925aaaad4fa599019e458ccc2,
        type: 3}
      propertyPath: m_LocalPosition.y
      value: -0.5
      objectReference: {fileID: 0}
    m_RemovedComponents: []
  m_SourcePrefab: {fileID: 100100000, guid: 9cb5f9a925aaaad4fa599019e458ccc2, type: 3}
--- !u!1001 &1760135888
PrefabInstance:
  m_ObjectHideFlags: 0
  serializedVersion: 2
  m_Modification:
    m_TransformParent: {fileID: 1946497402}
    m_Modifications:
    - target: {fileID: 38725162823354683, guid: 03ce3295ade95314fac31507663c305f,
        type: 3}
      propertyPath: m_Layer
      value: 0
      objectReference: {fileID: 0}
    - target: {fileID: 359116653443344593, guid: 03ce3295ade95314fac31507663c305f,
        type: 3}
      propertyPath: m_Layer
      value: 0
      objectReference: {fileID: 0}
    - target: {fileID: 3298191583453529831, guid: 03ce3295ade95314fac31507663c305f,
        type: 3}
      propertyPath: m_Layer
      value: 0
      objectReference: {fileID: 0}
    - target: {fileID: 3778748074471189000, guid: 03ce3295ade95314fac31507663c305f,
        type: 3}
      propertyPath: m_LocalPosition.x
      value: 8.93
      objectReference: {fileID: 0}
    - target: {fileID: 3778748074471189000, guid: 03ce3295ade95314fac31507663c305f,
        type: 3}
      propertyPath: m_LocalPosition.y
      value: 0.5
      objectReference: {fileID: 0}
    - target: {fileID: 3778748074471189000, guid: 03ce3295ade95314fac31507663c305f,
        type: 3}
      propertyPath: m_LocalPosition.z
      value: 2.48
      objectReference: {fileID: 0}
    - target: {fileID: 3778748074471189000, guid: 03ce3295ade95314fac31507663c305f,
        type: 3}
      propertyPath: m_LocalRotation.x
      value: 0
      objectReference: {fileID: 0}
    - target: {fileID: 3778748074471189000, guid: 03ce3295ade95314fac31507663c305f,
        type: 3}
      propertyPath: m_LocalRotation.y
      value: -0.7193398
      objectReference: {fileID: 0}
    - target: {fileID: 3778748074471189000, guid: 03ce3295ade95314fac31507663c305f,
        type: 3}
      propertyPath: m_LocalRotation.z
      value: 0
      objectReference: {fileID: 0}
    - target: {fileID: 3778748074471189000, guid: 03ce3295ade95314fac31507663c305f,
        type: 3}
      propertyPath: m_LocalRotation.w
      value: 0.69465846
      objectReference: {fileID: 0}
    - target: {fileID: 3778748074471189000, guid: 03ce3295ade95314fac31507663c305f,
        type: 3}
      propertyPath: m_RootOrder
      value: 6
      objectReference: {fileID: 0}
    - target: {fileID: 3778748074471189000, guid: 03ce3295ade95314fac31507663c305f,
        type: 3}
      propertyPath: m_LocalEulerAnglesHint.x
      value: 0
      objectReference: {fileID: 0}
    - target: {fileID: 3778748074471189000, guid: 03ce3295ade95314fac31507663c305f,
        type: 3}
      propertyPath: m_LocalEulerAnglesHint.y
      value: -92
      objectReference: {fileID: 0}
    - target: {fileID: 3778748074471189000, guid: 03ce3295ade95314fac31507663c305f,
        type: 3}
      propertyPath: m_LocalEulerAnglesHint.z
      value: 0
      objectReference: {fileID: 0}
    - target: {fileID: 3778748074471189000, guid: 03ce3295ade95314fac31507663c305f,
        type: 3}
      propertyPath: m_LocalScale.z
      value: 1
      objectReference: {fileID: 0}
    - target: {fileID: 3778748074471189004, guid: 03ce3295ade95314fac31507663c305f,
        type: 3}
      propertyPath: m_Name
      value: Mirror (2)
      objectReference: {fileID: 0}
    - target: {fileID: 3778748074471189004, guid: 03ce3295ade95314fac31507663c305f,
        type: 3}
      propertyPath: m_Layer
      value: 11
      objectReference: {fileID: 0}
    - target: {fileID: 3778748074471189007, guid: 03ce3295ade95314fac31507663c305f,
        type: 3}
      propertyPath: m_Size.z
      value: 0.1
      objectReference: {fileID: 0}
    - target: {fileID: 3778748074471189007, guid: 03ce3295ade95314fac31507663c305f,
        type: 3}
      propertyPath: m_Center.z
      value: 0.25
      objectReference: {fileID: 0}
    - target: {fileID: 6475717467366039463, guid: 03ce3295ade95314fac31507663c305f,
        type: 3}
      propertyPath: m_Layer
      value: 11
      objectReference: {fileID: 0}
    - target: {fileID: 8101122277874887206, guid: 03ce3295ade95314fac31507663c305f,
        type: 3}
      propertyPath: m_Layer
      value: 0
      objectReference: {fileID: 0}
    m_RemovedComponents: []
  m_SourcePrefab: {fileID: 100100000, guid: 03ce3295ade95314fac31507663c305f, type: 3}
--- !u!1 &1777482460
GameObject:
  m_ObjectHideFlags: 0
  m_CorrespondingSourceObject: {fileID: 0}
  m_PrefabInstance: {fileID: 0}
  m_PrefabAsset: {fileID: 0}
  serializedVersion: 6
  m_Component:
  - component: {fileID: 1777482463}
  - component: {fileID: 1777482462}
  - component: {fileID: 1777482461}
  m_Layer: 0
  m_Name: EventSystem
  m_TagString: Untagged
  m_Icon: {fileID: 0}
  m_NavMeshLayer: 0
  m_StaticEditorFlags: 0
  m_IsActive: 1
--- !u!114 &1777482461
MonoBehaviour:
  m_ObjectHideFlags: 0
  m_CorrespondingSourceObject: {fileID: 0}
  m_PrefabInstance: {fileID: 0}
  m_PrefabAsset: {fileID: 0}
  m_GameObject: {fileID: 1777482460}
  m_Enabled: 1
  m_EditorHideFlags: 0
  m_Script: {fileID: 11500000, guid: 4f231c4fb786f3946a6b90b886c48677, type: 3}
  m_Name: 
  m_EditorClassIdentifier: 
  m_HorizontalAxis: Horizontal
  m_VerticalAxis: Vertical
  m_SubmitButton: Submit
  m_CancelButton: Cancel
  m_InputActionsPerSecond: 10
  m_RepeatDelay: 0.5
  m_ForceModuleActive: 0
--- !u!114 &1777482462
MonoBehaviour:
  m_ObjectHideFlags: 0
  m_CorrespondingSourceObject: {fileID: 0}
  m_PrefabInstance: {fileID: 0}
  m_PrefabAsset: {fileID: 0}
  m_GameObject: {fileID: 1777482460}
  m_Enabled: 1
  m_EditorHideFlags: 0
  m_Script: {fileID: 11500000, guid: 76c392e42b5098c458856cdf6ecaaaa1, type: 3}
  m_Name: 
  m_EditorClassIdentifier: 
  m_FirstSelected: {fileID: 0}
  m_sendNavigationEvents: 1
  m_DragThreshold: 10
--- !u!4 &1777482463
Transform:
  m_ObjectHideFlags: 0
  m_CorrespondingSourceObject: {fileID: 0}
  m_PrefabInstance: {fileID: 0}
  m_PrefabAsset: {fileID: 0}
  m_GameObject: {fileID: 1777482460}
  m_LocalRotation: {x: 0, y: 0, z: 0, w: 1}
  m_LocalPosition: {x: 0, y: 0, z: 0}
  m_LocalScale: {x: 1, y: 1, z: 1}
  m_Children: []
  m_Father: {fileID: 0}
  m_RootOrder: 5
  m_LocalEulerAnglesHint: {x: 0, y: 0, z: 0}
--- !u!1 &1919919209
GameObject:
  m_ObjectHideFlags: 0
  m_CorrespondingSourceObject: {fileID: 0}
  m_PrefabInstance: {fileID: 0}
  m_PrefabAsset: {fileID: 0}
  serializedVersion: 6
  m_Component:
  - component: {fileID: 1919919210}
  - component: {fileID: 1919919213}
  - component: {fileID: 1919919212}
  - component: {fileID: 1919919211}
  m_Layer: 0
  m_Name: Cube
  m_TagString: Untagged
  m_Icon: {fileID: 0}
  m_NavMeshLayer: 0
  m_StaticEditorFlags: 0
  m_IsActive: 1
--- !u!4 &1919919210
Transform:
  m_ObjectHideFlags: 0
  m_CorrespondingSourceObject: {fileID: 0}
  m_PrefabInstance: {fileID: 0}
  m_PrefabAsset: {fileID: 0}
  m_GameObject: {fileID: 1919919209}
  m_LocalRotation: {x: 0, y: 0, z: 0, w: 1}
  m_LocalPosition: {x: 0, y: 0, z: 0}
  m_LocalScale: {x: 1, y: 1, z: 1}
  m_Children: []
  m_Father: {fileID: 1036942834}
  m_RootOrder: 0
  m_LocalEulerAnglesHint: {x: 0, y: 0, z: 0}
--- !u!65 &1919919211
BoxCollider:
  m_ObjectHideFlags: 0
  m_CorrespondingSourceObject: {fileID: 0}
  m_PrefabInstance: {fileID: 0}
  m_PrefabAsset: {fileID: 0}
  m_GameObject: {fileID: 1919919209}
  m_Material: {fileID: 0}
  m_IsTrigger: 0
  m_Enabled: 1
  serializedVersion: 2
  m_Size: {x: 1, y: 1, z: 1}
  m_Center: {x: 0, y: 0, z: 0}
--- !u!23 &1919919212
MeshRenderer:
  m_ObjectHideFlags: 0
  m_CorrespondingSourceObject: {fileID: 0}
  m_PrefabInstance: {fileID: 0}
  m_PrefabAsset: {fileID: 0}
  m_GameObject: {fileID: 1919919209}
  m_Enabled: 1
  m_CastShadows: 1
  m_ReceiveShadows: 1
  m_DynamicOccludee: 1
  m_MotionVectors: 1
  m_LightProbeUsage: 1
  m_ReflectionProbeUsage: 1
  m_RenderingLayerMask: 1
  m_RendererPriority: 0
  m_Materials:
  - {fileID: 2100000, guid: 117bbb51bd0a88842879cffa10274f59, type: 2}
  m_StaticBatchInfo:
    firstSubMesh: 0
    subMeshCount: 0
  m_StaticBatchRoot: {fileID: 0}
  m_ProbeAnchor: {fileID: 0}
  m_LightProbeVolumeOverride: {fileID: 0}
  m_ScaleInLightmap: 1
  m_ReceiveGI: 1
  m_PreserveUVs: 0
  m_IgnoreNormalsForChartDetection: 0
  m_ImportantGI: 0
  m_StitchLightmapSeams: 1
  m_SelectedEditorRenderState: 3
  m_MinimumChartSize: 4
  m_AutoUVMaxDistance: 0.5
  m_AutoUVMaxAngle: 89
  m_LightmapParameters: {fileID: 0}
  m_SortingLayerID: 0
  m_SortingLayer: 0
  m_SortingOrder: 0
--- !u!33 &1919919213
MeshFilter:
  m_ObjectHideFlags: 0
  m_CorrespondingSourceObject: {fileID: 0}
  m_PrefabInstance: {fileID: 0}
  m_PrefabAsset: {fileID: 0}
  m_GameObject: {fileID: 1919919209}
  m_Mesh: {fileID: 10202, guid: 0000000000000000e000000000000000, type: 0}
--- !u!1 &1946497401
GameObject:
  m_ObjectHideFlags: 0
  m_CorrespondingSourceObject: {fileID: 0}
  m_PrefabInstance: {fileID: 0}
  m_PrefabAsset: {fileID: 0}
  serializedVersion: 6
  m_Component:
  - component: {fileID: 1946497402}
  m_Layer: 0
  m_Name: Environement
  m_TagString: Untagged
  m_Icon: {fileID: 0}
  m_NavMeshLayer: 0
  m_StaticEditorFlags: 0
  m_IsActive: 1
--- !u!4 &1946497402
Transform:
  m_ObjectHideFlags: 0
  m_CorrespondingSourceObject: {fileID: 0}
  m_PrefabInstance: {fileID: 0}
  m_PrefabAsset: {fileID: 0}
  m_GameObject: {fileID: 1946497401}
  m_LocalRotation: {x: 0, y: 0, z: 0, w: 1}
  m_LocalPosition: {x: 0, y: 0, z: 0}
  m_LocalScale: {x: 1, y: 1, z: 1}
  m_Children:
  - {fileID: 600047533}
  - {fileID: 148486483}
  - {fileID: 1036942834}
  - {fileID: 976910706}
  - {fileID: 538495360}
  - {fileID: 716546132}
  - {fileID: 1469360914}
  - {fileID: 812113848}
  - {fileID: 446761249}
  - {fileID: 1177908046}
  m_Father: {fileID: 0}
  m_RootOrder: 2
  m_LocalEulerAnglesHint: {x: 0, y: 0, z: 0}
--- !u!1001 &2010476229
PrefabInstance:
  m_ObjectHideFlags: 0
  serializedVersion: 2
  m_Modification:
    m_TransformParent: {fileID: 148486483}
    m_Modifications:
    - target: {fileID: -7639710727704700825, guid: 949e69cf11fdec04ebe9a15a58d89348,
        type: 3}
      propertyPath: m_LocalPosition.x
      value: -2.86
      objectReference: {fileID: 0}
    - target: {fileID: -7639710727704700825, guid: 949e69cf11fdec04ebe9a15a58d89348,
        type: 3}
      propertyPath: m_LocalPosition.z
      value: 3.81
      objectReference: {fileID: 0}
    - target: {fileID: -4216859302048453862, guid: 949e69cf11fdec04ebe9a15a58d89348,
        type: 3}
      propertyPath: m_LocalPosition.x
      value: 0
      objectReference: {fileID: 0}
    - target: {fileID: -4216859302048453862, guid: 949e69cf11fdec04ebe9a15a58d89348,
        type: 3}
      propertyPath: m_LocalPosition.y
      value: 0
      objectReference: {fileID: 0}
    - target: {fileID: -4216859302048453862, guid: 949e69cf11fdec04ebe9a15a58d89348,
        type: 3}
      propertyPath: m_LocalPosition.z
      value: 0
      objectReference: {fileID: 0}
    - target: {fileID: -4216859302048453862, guid: 949e69cf11fdec04ebe9a15a58d89348,
        type: 3}
      propertyPath: m_LocalRotation.x
      value: 0
      objectReference: {fileID: 0}
    - target: {fileID: -4216859302048453862, guid: 949e69cf11fdec04ebe9a15a58d89348,
        type: 3}
      propertyPath: m_LocalRotation.y
      value: 0.7071068
      objectReference: {fileID: 0}
    - target: {fileID: -4216859302048453862, guid: 949e69cf11fdec04ebe9a15a58d89348,
        type: 3}
      propertyPath: m_LocalRotation.z
      value: 0
      objectReference: {fileID: 0}
    - target: {fileID: -4216859302048453862, guid: 949e69cf11fdec04ebe9a15a58d89348,
        type: 3}
      propertyPath: m_LocalRotation.w
      value: 0.7071068
      objectReference: {fileID: 0}
    - target: {fileID: -4216859302048453862, guid: 949e69cf11fdec04ebe9a15a58d89348,
        type: 3}
      propertyPath: m_RootOrder
      value: 0
      objectReference: {fileID: 0}
    - target: {fileID: -4216859302048453862, guid: 949e69cf11fdec04ebe9a15a58d89348,
        type: 3}
      propertyPath: m_LocalEulerAnglesHint.x
      value: 0
      objectReference: {fileID: 0}
    - target: {fileID: -4216859302048453862, guid: 949e69cf11fdec04ebe9a15a58d89348,
        type: 3}
      propertyPath: m_LocalEulerAnglesHint.y
      value: 90
      objectReference: {fileID: 0}
    - target: {fileID: -4216859302048453862, guid: 949e69cf11fdec04ebe9a15a58d89348,
        type: 3}
      propertyPath: m_LocalEulerAnglesHint.z
      value: 0
      objectReference: {fileID: 0}
    - target: {fileID: -4216859302048453862, guid: 949e69cf11fdec04ebe9a15a58d89348,
        type: 3}
      propertyPath: m_LocalScale.x
      value: 0.02
      objectReference: {fileID: 0}
    - target: {fileID: -4216859302048453862, guid: 949e69cf11fdec04ebe9a15a58d89348,
        type: 3}
      propertyPath: m_LocalScale.y
      value: 0.02
      objectReference: {fileID: 0}
    - target: {fileID: -4216859302048453862, guid: 949e69cf11fdec04ebe9a15a58d89348,
        type: 3}
      propertyPath: m_LocalScale.z
      value: 0.02
      objectReference: {fileID: 0}
    - target: {fileID: -3467000182344815035, guid: 949e69cf11fdec04ebe9a15a58d89348,
        type: 3}
      propertyPath: m_IsActive
      value: 0
      objectReference: {fileID: 0}
    - target: {fileID: -927199367670048503, guid: 949e69cf11fdec04ebe9a15a58d89348,
        type: 3}
      propertyPath: m_Name
      value: LEVEL_DESIGN_001
      objectReference: {fileID: 0}
    - target: {fileID: 5757592852366379080, guid: 949e69cf11fdec04ebe9a15a58d89348,
        type: 3}
      propertyPath: m_IsActive
      value: 0
      objectReference: {fileID: 0}
    m_RemovedComponents: []
  m_SourcePrefab: {fileID: 100100000, guid: 949e69cf11fdec04ebe9a15a58d89348, type: 3}
--- !u!4 &2010476230 stripped
Transform:
  m_CorrespondingSourceObject: {fileID: -4216859302048453862, guid: 949e69cf11fdec04ebe9a15a58d89348,
    type: 3}
  m_PrefabInstance: {fileID: 2010476229}
  m_PrefabAsset: {fileID: 0}
--- !u!1 &2043384055 stripped
GameObject:
  m_CorrespondingSourceObject: {fileID: 8101122277874887206, guid: 03ce3295ade95314fac31507663c305f,
    type: 3}
  m_PrefabInstance: {fileID: 976910705}
  m_PrefabAsset: {fileID: 0}
--- !u!64 &2043384059
MeshCollider:
  m_ObjectHideFlags: 0
  m_CorrespondingSourceObject: {fileID: 0}
  m_PrefabInstance: {fileID: 0}
  m_PrefabAsset: {fileID: 0}
  m_GameObject: {fileID: 2043384055}
  m_Material: {fileID: 0}
  m_IsTrigger: 0
  m_Enabled: 1
  serializedVersion: 3
  m_Convex: 0
  m_CookingOptions: 14
  m_Mesh: {fileID: 880527180768544322, guid: 726227c9ba55cae4694d8c1d2d0ca4ba, type: 3}
--- !u!1 &2146285283
GameObject:
  m_ObjectHideFlags: 0
  m_CorrespondingSourceObject: {fileID: 0}
  m_PrefabInstance: {fileID: 0}
  m_PrefabAsset: {fileID: 0}
  serializedVersion: 6
  m_Component:
  - component: {fileID: 2146285285}
  - component: {fileID: 2146285284}
  m_Layer: 0
  m_Name: Directional Light
  m_TagString: Untagged
  m_Icon: {fileID: 0}
  m_NavMeshLayer: 0
  m_StaticEditorFlags: 0
  m_IsActive: 1
--- !u!108 &2146285284
Light:
  m_ObjectHideFlags: 0
  m_CorrespondingSourceObject: {fileID: 0}
  m_PrefabInstance: {fileID: 0}
  m_PrefabAsset: {fileID: 0}
  m_GameObject: {fileID: 2146285283}
  m_Enabled: 1
  serializedVersion: 9
  m_Type: 1
  m_Color: {r: 1, g: 1, b: 1, a: 1}
  m_Intensity: 1
  m_Range: 10
  m_SpotAngle: 30
  m_InnerSpotAngle: 21.80208
  m_CookieSize: 10
  m_Shadows:
    m_Type: 0
    m_Resolution: -1
    m_CustomResolution: -1
    m_Strength: 1
    m_Bias: 0.05
    m_NormalBias: 0.4
    m_NearPlane: 0.2
    m_CullingMatrixOverride:
      e00: 1
      e01: 0
      e02: 0
      e03: 0
      e10: 0
      e11: 1
      e12: 0
      e13: 0
      e20: 0
      e21: 0
      e22: 1
      e23: 0
      e30: 0
      e31: 0
      e32: 0
      e33: 1
    m_UseCullingMatrixOverride: 0
  m_Cookie: {fileID: 0}
  m_DrawHalo: 0
  m_Flare: {fileID: 0}
  m_RenderMode: 0
  m_CullingMask:
    serializedVersion: 2
    m_Bits: 4294967295
  m_RenderingLayerMask: 1
  m_Lightmapping: 4
  m_LightShadowCasterMode: 0
  m_AreaSize: {x: 1, y: 1}
  m_BounceIntensity: 1
  m_ColorTemperature: 6570
  m_UseColorTemperature: 0
  m_BoundingSphereOverride: {x: 0, y: 0, z: 0, w: 0}
  m_UseBoundingSphereOverride: 0
  m_ShadowRadius: 0
  m_ShadowAngle: 0
--- !u!4 &2146285285
Transform:
  m_ObjectHideFlags: 0
  m_CorrespondingSourceObject: {fileID: 0}
  m_PrefabInstance: {fileID: 0}
  m_PrefabAsset: {fileID: 0}
  m_GameObject: {fileID: 2146285283}
  m_LocalRotation: {x: 0.40821788, y: -0.23456968, z: 0.10938163, w: 0.8754261}
  m_LocalPosition: {x: 267, y: 150, z: 0}
  m_LocalScale: {x: 1, y: 1, z: 1}
  m_Children: []
  m_Father: {fileID: 0}
  m_RootOrder: 1
  m_LocalEulerAnglesHint: {x: 50, y: -30, z: 0}
--- !u!1001 &4314769686799518533
PrefabInstance:
  m_ObjectHideFlags: 0
  serializedVersion: 2
  m_Modification:
    m_TransformParent: {fileID: 1946497402}
    m_Modifications:
    - target: {fileID: 4314769686283482344, guid: fe82c116b66eb434cb35c60cad90e5c5,
        type: 3}
      propertyPath: m_LocalPosition.x
      value: 8
      objectReference: {fileID: 0}
    - target: {fileID: 4314769686283482344, guid: fe82c116b66eb434cb35c60cad90e5c5,
        type: 3}
      propertyPath: m_LocalPosition.y
      value: 0
      objectReference: {fileID: 0}
    - target: {fileID: 4314769686283482344, guid: fe82c116b66eb434cb35c60cad90e5c5,
        type: 3}
      propertyPath: m_LocalPosition.z
      value: 18
      objectReference: {fileID: 0}
    - target: {fileID: 4314769686283482344, guid: fe82c116b66eb434cb35c60cad90e5c5,
        type: 3}
      propertyPath: m_LocalRotation.x
      value: 0
      objectReference: {fileID: 0}
    - target: {fileID: 4314769686283482344, guid: fe82c116b66eb434cb35c60cad90e5c5,
        type: 3}
      propertyPath: m_LocalRotation.y
      value: 1
      objectReference: {fileID: 0}
    - target: {fileID: 4314769686283482344, guid: fe82c116b66eb434cb35c60cad90e5c5,
        type: 3}
      propertyPath: m_LocalRotation.z
      value: 0
      objectReference: {fileID: 0}
    - target: {fileID: 4314769686283482344, guid: fe82c116b66eb434cb35c60cad90e5c5,
        type: 3}
      propertyPath: m_LocalRotation.w
      value: 0
      objectReference: {fileID: 0}
    - target: {fileID: 4314769686283482344, guid: fe82c116b66eb434cb35c60cad90e5c5,
        type: 3}
      propertyPath: m_RootOrder
      value: 0
      objectReference: {fileID: 0}
    - target: {fileID: 4314769686283482344, guid: fe82c116b66eb434cb35c60cad90e5c5,
        type: 3}
      propertyPath: m_LocalEulerAnglesHint.x
      value: 0
      objectReference: {fileID: 0}
    - target: {fileID: 4314769686283482344, guid: fe82c116b66eb434cb35c60cad90e5c5,
        type: 3}
      propertyPath: m_LocalEulerAnglesHint.y
      value: 180
      objectReference: {fileID: 0}
    - target: {fileID: 4314769686283482344, guid: fe82c116b66eb434cb35c60cad90e5c5,
        type: 3}
      propertyPath: m_LocalEulerAnglesHint.z
      value: 0
      objectReference: {fileID: 0}
    - target: {fileID: 4314769686283482345, guid: fe82c116b66eb434cb35c60cad90e5c5,
        type: 3}
      propertyPath: m_Name
      value: Receiver
      objectReference: {fileID: 0}
    - target: {fileID: 4314769686283482345, guid: fe82c116b66eb434cb35c60cad90e5c5,
        type: 3}
      propertyPath: m_Layer
      value: 10
      objectReference: {fileID: 0}
    - target: {fileID: 5242411230181251440, guid: fe82c116b66eb434cb35c60cad90e5c5,
        type: 3}
      propertyPath: m_Layer
      value: 10
      objectReference: {fileID: 0}
    - target: {fileID: 6248766696910560919, guid: fe82c116b66eb434cb35c60cad90e5c5,
        type: 3}
      propertyPath: m_Layer
      value: 10
      objectReference: {fileID: 0}
    - target: {fileID: 7317463930402641580, guid: fe82c116b66eb434cb35c60cad90e5c5,
        type: 3}
      propertyPath: m_Layer
      value: 10
      objectReference: {fileID: 0}
    - target: {fileID: 7520730252124104009, guid: fe82c116b66eb434cb35c60cad90e5c5,
        type: 3}
      propertyPath: m_Layer
      value: 10
      objectReference: {fileID: 0}
    m_RemovedComponents: []
  m_SourcePrefab: {fileID: 100100000, guid: fe82c116b66eb434cb35c60cad90e5c5, type: 3}
--- !u!1001 &5532569727097753097
PrefabInstance:
  m_ObjectHideFlags: 0
  serializedVersion: 2
  m_Modification:
    m_TransformParent: {fileID: 1946497402}
    m_Modifications:
    - target: {fileID: 5532569727633000310, guid: 9cb5f9a925aaaad4fa599019e458ccc2,
        type: 3}
      propertyPath: m_Name
      value: Emitter
      objectReference: {fileID: 0}
    - target: {fileID: 5532569727633000329, guid: 9cb5f9a925aaaad4fa599019e458ccc2,
        type: 3}
      propertyPath: m_LocalPosition.x
      value: 2
      objectReference: {fileID: 0}
    - target: {fileID: 5532569727633000329, guid: 9cb5f9a925aaaad4fa599019e458ccc2,
        type: 3}
      propertyPath: m_LocalPosition.y
      value: 0.5
      objectReference: {fileID: 0}
    - target: {fileID: 5532569727633000329, guid: 9cb5f9a925aaaad4fa599019e458ccc2,
        type: 3}
      propertyPath: m_LocalPosition.z
      value: -3
      objectReference: {fileID: 0}
    - target: {fileID: 5532569727633000329, guid: 9cb5f9a925aaaad4fa599019e458ccc2,
        type: 3}
      propertyPath: m_LocalRotation.x
      value: 0
      objectReference: {fileID: 0}
    - target: {fileID: 5532569727633000329, guid: 9cb5f9a925aaaad4fa599019e458ccc2,
        type: 3}
      propertyPath: m_LocalRotation.y
      value: 0
      objectReference: {fileID: 0}
    - target: {fileID: 5532569727633000329, guid: 9cb5f9a925aaaad4fa599019e458ccc2,
        type: 3}
      propertyPath: m_LocalRotation.z
      value: 0
      objectReference: {fileID: 0}
    - target: {fileID: 5532569727633000329, guid: 9cb5f9a925aaaad4fa599019e458ccc2,
        type: 3}
      propertyPath: m_LocalRotation.w
      value: 1
      objectReference: {fileID: 0}
    - target: {fileID: 5532569727633000329, guid: 9cb5f9a925aaaad4fa599019e458ccc2,
        type: 3}
      propertyPath: m_RootOrder
      value: 4
      objectReference: {fileID: 0}
    - target: {fileID: 5532569727633000329, guid: 9cb5f9a925aaaad4fa599019e458ccc2,
        type: 3}
      propertyPath: m_LocalEulerAnglesHint.x
      value: 0
      objectReference: {fileID: 0}
    - target: {fileID: 5532569727633000329, guid: 9cb5f9a925aaaad4fa599019e458ccc2,
        type: 3}
      propertyPath: m_LocalEulerAnglesHint.y
      value: 0
      objectReference: {fileID: 0}
    - target: {fileID: 5532569727633000329, guid: 9cb5f9a925aaaad4fa599019e458ccc2,
        type: 3}
      propertyPath: m_LocalEulerAnglesHint.z
      value: 0
      objectReference: {fileID: 0}
    - target: {fileID: 7572376895080701227, guid: 9cb5f9a925aaaad4fa599019e458ccc2,
        type: 3}
      propertyPath: m_LocalPosition.y
      value: -0.5
      objectReference: {fileID: 0}
    m_RemovedComponents: []
  m_SourcePrefab: {fileID: 100100000, guid: 9cb5f9a925aaaad4fa599019e458ccc2, type: 3}
--- !u!1001 &6471689699363343195
PrefabInstance:
  m_ObjectHideFlags: 0
  serializedVersion: 2
  m_Modification:
    m_TransformParent: {fileID: 0}
    m_Modifications:
    - target: {fileID: 6471689698468814866, guid: 0b27a01e5645c6a469370abaf5ae93a3,
        type: 3}
      propertyPath: m_Name
      value: EndSceneCanvas
      objectReference: {fileID: 0}
    - target: {fileID: 6471689698468814868, guid: 0b27a01e5645c6a469370abaf5ae93a3,
        type: 3}
      propertyPath: m_LocalPosition.x
      value: 0
      objectReference: {fileID: 0}
    - target: {fileID: 6471689698468814868, guid: 0b27a01e5645c6a469370abaf5ae93a3,
        type: 3}
      propertyPath: m_LocalPosition.y
      value: 0
      objectReference: {fileID: 0}
    - target: {fileID: 6471689698468814868, guid: 0b27a01e5645c6a469370abaf5ae93a3,
        type: 3}
      propertyPath: m_LocalPosition.z
      value: 0
      objectReference: {fileID: 0}
    - target: {fileID: 6471689698468814868, guid: 0b27a01e5645c6a469370abaf5ae93a3,
        type: 3}
      propertyPath: m_LocalRotation.x
      value: 0
      objectReference: {fileID: 0}
    - target: {fileID: 6471689698468814868, guid: 0b27a01e5645c6a469370abaf5ae93a3,
        type: 3}
      propertyPath: m_LocalRotation.y
      value: 0
      objectReference: {fileID: 0}
    - target: {fileID: 6471689698468814868, guid: 0b27a01e5645c6a469370abaf5ae93a3,
        type: 3}
      propertyPath: m_LocalRotation.z
      value: 0
      objectReference: {fileID: 0}
    - target: {fileID: 6471689698468814868, guid: 0b27a01e5645c6a469370abaf5ae93a3,
        type: 3}
      propertyPath: m_LocalRotation.w
      value: 1
      objectReference: {fileID: 0}
    - target: {fileID: 6471689698468814868, guid: 0b27a01e5645c6a469370abaf5ae93a3,
        type: 3}
      propertyPath: m_RootOrder
      value: 4
      objectReference: {fileID: 0}
    - target: {fileID: 6471689698468814868, guid: 0b27a01e5645c6a469370abaf5ae93a3,
        type: 3}
      propertyPath: m_LocalEulerAnglesHint.x
      value: 0
      objectReference: {fileID: 0}
    - target: {fileID: 6471689698468814868, guid: 0b27a01e5645c6a469370abaf5ae93a3,
        type: 3}
      propertyPath: m_LocalEulerAnglesHint.y
      value: 0
      objectReference: {fileID: 0}
    - target: {fileID: 6471689698468814868, guid: 0b27a01e5645c6a469370abaf5ae93a3,
        type: 3}
      propertyPath: m_LocalEulerAnglesHint.z
      value: 0
      objectReference: {fileID: 0}
    - target: {fileID: 6471689698468814868, guid: 0b27a01e5645c6a469370abaf5ae93a3,
        type: 3}
      propertyPath: m_AnchoredPosition.x
      value: 0
      objectReference: {fileID: 0}
    - target: {fileID: 6471689698468814868, guid: 0b27a01e5645c6a469370abaf5ae93a3,
        type: 3}
      propertyPath: m_AnchoredPosition.y
      value: 0
      objectReference: {fileID: 0}
    - target: {fileID: 6471689698468814868, guid: 0b27a01e5645c6a469370abaf5ae93a3,
        type: 3}
      propertyPath: m_SizeDelta.x
      value: 0
      objectReference: {fileID: 0}
    - target: {fileID: 6471689698468814868, guid: 0b27a01e5645c6a469370abaf5ae93a3,
        type: 3}
      propertyPath: m_SizeDelta.y
      value: 0
      objectReference: {fileID: 0}
    - target: {fileID: 6471689698468814868, guid: 0b27a01e5645c6a469370abaf5ae93a3,
        type: 3}
      propertyPath: m_AnchorMin.x
      value: 0
      objectReference: {fileID: 0}
    - target: {fileID: 6471689698468814868, guid: 0b27a01e5645c6a469370abaf5ae93a3,
        type: 3}
      propertyPath: m_AnchorMin.y
      value: 0
      objectReference: {fileID: 0}
    - target: {fileID: 6471689698468814868, guid: 0b27a01e5645c6a469370abaf5ae93a3,
        type: 3}
      propertyPath: m_AnchorMax.x
      value: 0
      objectReference: {fileID: 0}
    - target: {fileID: 6471689698468814868, guid: 0b27a01e5645c6a469370abaf5ae93a3,
        type: 3}
      propertyPath: m_AnchorMax.y
      value: 0
      objectReference: {fileID: 0}
    - target: {fileID: 6471689698468814868, guid: 0b27a01e5645c6a469370abaf5ae93a3,
        type: 3}
      propertyPath: m_Pivot.x
      value: 0
      objectReference: {fileID: 0}
    - target: {fileID: 6471689698468814868, guid: 0b27a01e5645c6a469370abaf5ae93a3,
        type: 3}
      propertyPath: m_Pivot.y
      value: 0
      objectReference: {fileID: 0}
    m_RemovedComponents: []
  m_SourcePrefab: {fileID: 100100000, guid: 0b27a01e5645c6a469370abaf5ae93a3, type: 3}
